3206 4928
728 347 942 410 „40-

802 611 866 694 §3-

342 763 490 822 -Restant
519 761 605 820 nobis
633 779 684 820 sex
711 761 836 821 ultimae
865 759 1010 836 epistulae
1037 760 1225 835 tractandae,
1258 759 1297 820 ad
1323 779 1396 836 quas

272 889 341 929 cum
367 871 448 928 certe
474 886 533 925 161
566 867 626 927 sint
656 859 865 948 Ovidianael),
894 867 1010 942 spurios
1031 868 1263 945 ,investigaturis
1292 887 1396 928 versus

275 975 379 1034 eodem
397 974 485 1033 modo
505 977 595 1049 atque
614 973 652 1032 ad
670 974 815 1050 genuinos
835 973 959 1052 aggredi
972 974 1058 1034 nobis
1071 993 1132 1034 non
1146 974 1224 1035 licet.
1262 974 1396 1050 Scriptae

275 1065 340 1142 esse
367 1081 507 1141 videntur
534 1083 614 1139 carte
642 1098 701 1139 non
727 1083 823 1140 multo
850 1085 922 1157 post
943 1080 1042 1141 Ovidii
1070 1083 1201 1143 aetatem
1225 1085 1314 1157 atque
1337 1082 1396 1140 for-

275 1192 356 1247 tasse
378 1188 430 1246 illo
454 1187 519 1263 ipso
537 1190 681 1263 tempore,
705 1206 762 1264 quo
785 1189 930 1264 epistulae
949 1188 1230 1264 interpolationibus
1249 1188 1397 1264 inquinari

275 1297 398 1370 coeptae
425 1296 503 1355 sunt.
544 1293 655 1354 Omnes
683 1297 785 1353 autem
811 1296 928 1353 tumore
954 1312 1095 1372 superare
1118 1295 1262 1372 genuinas
1286 1296 1396 1373 elegias

275 1405 405 1476 constat3
425 1402 477 1460 sed
495 1420 601 1462 vereor
619 1405 653 1461 11
671 1401 758 1460 istius
771 1402 962 1478 loquacitatis
976 1402 1138 1478 quidquam
1151 1403 1280 1462 resecari
1293 1403 1397 1479 possit,

275 1528 343 1568 cum
369 1509 545 1584 plerumque
573 1526 675 1566 omnes
703 1507 900 1584 cogitationes
928 1508 1007 1566 iuste
1035 1511 1164 1584 apteque
1192 1509 1270 1568 inter
1296 1529 1327 1568 se
1350 1507 1396 1569 co-

275 1617 428 1676 haereant.
466 1614 653 1690 Quamquam
679 1632 747 1672 cum
777 1614 896 1673 omnino
922 1614 977 1673 hoo
1001 1613 1197 1689 epistularum
1219 1634 1314 1692 genus
1337 1617 1397 1676 tale

277 1727 371 1800 esset,
403 1727 438 1781 ut
458 1725 549 1798 16611
576 1721 607 1779 in
638 1721 810 1779 enarrandis
839 1720 1078 1796 explicandisque
1101 1723 1286 1800 argumentis
1309 1724 1397 1783 certis

277 1849 338 1900 161
368 1817 662 1888 circumscriberetur
694 1825 816 1901 finibus,
847 1826 897 1886 vel
928 1825 1058 1885 maxima
1089 1828 1250 1887 verborum
1282 1830 1398 1888 luxuria

277 1937 369 1996 etiam
392 1934 496 2011 augeri
519 1936 550 1992 et
572 1931 747 2007 amplificari
765 1935 893 2008 poterat.
916 1965 953 1972 -
974 1933 1078 2010 Neque
1096 1935 1227 1994 multum
1245 1936 1398 2012 efficimus,

278 2043 304 2102 si
326 2043 382 2101 hoc
404 2042 454 2102 vel
476 2039 552 2098 illud
574 2059 633 2098 161
655 2037 754 2098 Ovidii
776 2058 859 2098 more
883 2039 995 2099 dictum
1019 2059 1084 2100 esse
1108 2042 1275 2102 statuimus.
1321 2043 1398 2102 Nam

278 2150 336 2210 etsi
368 2168 432 2226 eos,
463 2147 514 2224 qui
542 2148 772 2222 composuerunt
800 2146 945 2222 epistulas
975 2147 1043 2207 illas
1077 2145 1255 2210 Ouidianum
1288 2168 1398 2209 sermo-

277 2277 345 2316 nem
377 2257 506 2332 perbene
535 2254 654 2313 novisse
684 2257 715 2312 et
744 2253 898 2312 imbibisse
930 2246 1061 2332 patet2),
1094 2257 1197 2318 tamen
1229 2255 1255 2314 si
1282 2256 1398 2332 quaudo

278 2365 316 2423 ab
336 2382 371 2421 eo
390 2363 540 2436 aberrant,
559 2359 614 2418 hoc
632 2378 693 2418 non
712 2359 785 2418 satis
804 2359 922 2416 firmum
940 2358 1081 2418 indicium
1101 2380 1166 2420 esse
1185 2381 1290 2422 censeo
1309 2364 1397 2423 inter-

278 2469 446 2547 polationis.
488 2467 544 2525 His
573 2467 609 2525 de
636 2466 733 2526 causis
761 2485 812 2526 eas
840 2486 859 2525 a
882 2465 1000 2526 relicuis
1024 2469 1169 2544 separavi.
1196 2503 1233 2512 -
1261 2471 1399 2531 Ceterum

352 2679 378 2742 1)
397 2674 458 2729 Hoc
476 2690 527 2743 pro
547 2673 691 2742 explorato
709 2689 782 2726 nunc
801 2672 905 2727 habere
923 2673 999 2741 licet,
1018 2676 1167 2742 postquam
1186 2675 1279 2729 variae
1299 2676 1333 2731 de
1347 2678 1400 2732 hac

279 2782 308 2820 re
332 2763 368 2818 ab
391 2761 549 2817 hominibus
573 2761 664 2816 doctis
687 2761 833 2816 institutae
857 2764 922 2815 sunt
945 2761 1196 2830 quaestiones„de
1220 2763 1320 2832 quibus
1347 2765 1400 2820 sin-

278 2851 402 2923 gillatim
420 2851 578 2920 disceptare
596 2849 626 2904 in
644 2850 737 2904 animo
755 2867 810 2904 161
829 2850 929 2906 habeo.

312 3012 314 3018 Α
354 2941 529 3008 Quamquam
552 2956 609 2993 non
631 2938 705 2993 inter
723 2938 875 2993 infirmiora
893 2938 969 2993 illius
988 2940 1143 2995 sententiae
1164 2946 1330 3012 argumenta
1348 2946 1401 3000 hoc

280 3023 483 3085 numerandum
507 3043 566 3082 esse
586 3027 717 3094 equidem
736 3043 848 3096 censeo,
873 3028 948 3096 quod
967 3026 1096 3096 Ovidius,
1120 3047 1182 3084 eum
1206 3049 1235 3086 se
1253 3031 1401 3088 heroidum

280 3119 415 3189 epistulas
439 3116 626 3188 composuisse
647 3118 778 3184 testetur,
802 3116 880 3171 nullo
898 3117 960 3173 loco
980 3117 1014 3171 de
1034 3118 1150 3172 heroum
1170 3137 1280 3192 quoque
1299 3123 1348 3178 aut
1366 3123 1401 3176 de

282 3206 387 3263 mutuis
409 3205 479 3261 dicit
498 3205 634 3276 epistulis.
671 3205 769 3274 Neque
789 3205 823 3260 de
842 3207 895 3260 hac
914 3223 943 3260 re
961 3205 1082 3261 traditur
1100 3207 1252 3276 quidquam
1271 3210 1401 3266 Ovidium

280 3296 369 3353 etiam
391 3295 568 3367 respondisse
596 3297 644 3350 aut
668 3294 764 3350 Sabini
787 3296 836 3349 aut
859 3295 931 3350 alius
954 3299 1055 3366 poetae
1079 3296 1233 3366 opusculis,
1258 3299 1290 3352 ut
1312 3299 1402 3353 altera

282 3403 409 3455 quaeque
424 3385 546 3455 epistula
560 3384 655 3440 Ovidii
669 3385 713 3441 sit.
730 3417 762 3424 -
778 3385 895 3439 Mirifice
909 3385 930 3439 ii
943 3383 1058 3454 faciunt,
1078 3385 1135 3455 qui,
1155 3404 1218 3441 cum
1232 3389 1325 3442 aetate
1339 3405 1401 3457 pro-

280 3477 393 3531 vectum
415 3475 556 3528 Nasonem
579 3473 645 3526 illas
668 3475 779 3528 mutuas
802 3473 937 3543 epistulas
961 3473 1156 3543 conscripsisse
1180 3476 1318 3544 statuant,
1346 3493 1402 3530 non

282 3563 411 3619 dubitare
438 3562 570 3616 videntur
597 3562 751 3616 molestam·
774 3561 853 3616 illam
881 3564 911 3616 et
933 3563 1132 3618 exuberantem
1159 3563 1292 3620 orationis
1316 3566 1402 3620 abun-

281 3653 419 3720 dantiam,
443 3650 535 3719 qualis
558 3653 678 3727 apparet
700 3649 729 3704 11
752 3649 822 3718 illis,
846 3650 872 3704 ei
890 3651 1033 3721 assignare
1052 3652 1166 3721 poetae,
1190 3653 1237 3721 qui
1255 3653 1316 3724 ipse
1335 3654 1401 3707 adu-

281 3743 388 3796 lescens
408 3741 533 3796 carmina
550 3741 649 3796 mirum
670 3743 804 3809 quantum
818 3739 959 3810 perpolita
973 3743 1002 3794 et
1016 3740 1165 3810 aptissima
1179 3740 1260 3811 copia
1274 3745 1304 3796 61
1321 3744 1402 3798 uber-

283 3831 341 3883 tate
364 3828 487 3898 insignia
510 3829 682 3900 composuit;
706 3829 786 3898 quasi
807 3846 874 3884 vero
898 3845 953 3896 nou
972 3847 1136 3899 progressus
1154 3830 1241 3884 faciat
1259 3832 1342 3885 homo
1361 3831 1402 3885 in-

282 3919 413 3988 geniosus
433 3918 482 3973 sed
500 3935 650 3988 regressus.

354 4008 381 4076 2)
400 4006 445 4061 W.
470 4006 597 4076 Zingerle
621 4009 679 4077 (zur
701 4007 926 4076 ththeitsfrage
949 4007 998 4062 der
1021 4005 1187 4075 Heroiden)‚
1215 4024 1279 4061 oum
1306 4023 1403 4062 omnes

282 4096 334 4151 XX
357 4096 492 4166 epistulas
515 4094 649 4167 genuinas
673 4112 734 4151 esse
758 4097 950 4151 demonstrare
978 4096 1103 4164 studeat,
1131 4094 1185 4148 hoc
1209 4094 1298 4149 solum
1321 4096 1404 4151 docet

284 4185 465 4242 accurate-in
487 4185 526 4241 VI
548 4184 656 4242 ultimis
680 4185 807 4255 epistulis
832 4184 1000 4239 Ouidianum
1025 4183 1137 4239 dicendi
1161 4201 1243 4238 usum
1264 4184 1403 4240 imitando

284 4291 443 4348 expressum
462 4292 531 4330 esee.
