3206 4928
731 381 945 445 -ffim

534 687 609 777 dap.
629 687 670 757 ll.
712 688 759 758 Ile
778 689 936 760 versibus
955 689 1129 760 insiticils.

798 881 882 961 §a

362 1019 516 1098 Epistulas
540 1022 640 1084 Ovidii
667 1025 804 1086 heroides
833 1031 1073 1106 sectatoremque
1102 1029 1166 1088 eius
1194 1029 1225 1087 in
1247 1029 1396 1090 codicibus

274 1147 296 1187 s.
317 1128 376 1188 XII
404 1130 618 1192 recentioribus
651 1134 756 1210 augeri
789 1134 933 1196 videmus
952 1136 1087 1196 versibus
1116 1139 1219 1212 aperte
1247 1129 1396 1217 spuriis¹).

224 1283 228 1290 ,
274 1234 331 1306 Qui
358 1255 418 1296 non
447 1257 548 1298 omues
572 1238 676 1298 eodem
698 1243 832 1318 tempore
855 1241 962 1302 inserti
985 1261 1049 1302 esse
1072 1242 1225 1303 videntur:
1254 1232 1307 1301 alii
1329 1262 1397 1301 cum

272 1342 333 1400 iam
361 1339 394 1402 in
416 1343 561 1405 Etonensi
589 1351 766 1424 appareant,
795 1352 865 1408 ante
889 1368 913 1410 s.
931 1349 987 1426 XI,
1014 1349 1066 1409 alii
1090 1369 1111 1431 s.
1130 1349 1322 1426 XII—XIII,
1346 1349 1397 1408 alii

272 1449 363 1508 etiam
386 1453 551 1527 posteriore
575 1456 709 1531 tempore
730 1455 913 1534 invaserunt,
936 1459 1026 1533 atque
1047 1476 1084 1515 ea
1102 1476 1219 1534 quoquc
1237 1476 1295 1536 res,
1318 1459 1397 1534 quod

272 1557 368 1634 magis
391 1559 527 1620 minusve
551 1561 618 1621 aliis
641 1562 694 1620 alii
717 1567 787 1624 sunt
809 1564 884 1623 viles
908 1563 1066 1642 milesque,
1090 1583 1140 1623 eos
1159 1561 1312 1624 variorum
1331 1584 1397 1623 csse

272 1667 427 1725 auctorum
455 1666 549 1727 docet.
592 1669 651 1728 Sed
678 1689 746 1730 cum
773 1674 804 1730 et
831 1674 931 1732 cetera
954 1671 1081 1731 Nasonis
1110 1691 1202 1748 opera
1229 1676 1261 1731 et
1284 1672 1397 1748 epistu-

272 1772 320 1830 lae
347 1773 484 1834 heroides
511 1778 591 1835 certe
615 1776 747 1837 studiose
770 1781 893 1854 excepta
916 1782 1017 1838 essent
1040 1778 1257 1856 diligenterque
1279 1778 1396 1838 lectita-
1507 1797 1508 1801 ’

212 1907 214 1911 ·
272 1881 377 1938 rentur
408 1883 439 1940 et
469 1884 674 1943 tractarentur
708 1880 813 1960 primis
828 1889 910 1964 ¹post
936 1905 1005 1945 eum
1033 1886 1171 1945 saeculis:
1205 1884 1396 1961 cogitandum

275 1988 322 2045 est
343 1990 409 2046 tum
431 1988 528 2064 ipsum
553 2009 612 2067 eas,
635 1991 734 2068 quoad
756 1991 821 2052 fieri
842 1995 971 2070 poterat,
993 1993 1130 2054 versibus
1153 1991 1310 2068 adscriptis
1333 2009 1395 2049 am·

271 2092 418 2169 plilicatas
442 2114 514 2156 essa.
555 2098 655 2174 Atque
678 2118 710 2158 re
733 2119 805 2160 vera
827 2100 950 2160 ubertas
974 2119 1008 2159 ao
1031 2100 1159 2159 senilitas
1178 2099 1230 2157 illa
1249 2096 1396 2157 Ovidiana

271 2219 367 2277 neque
399 2201 498 2263 minus
531 2222 567 2263 ea
599 2225 660 2282 res,
692 2206 772 2283 quod
805 2205 929 2266 Ovidius
961 2206 1175 2283 cogitationum
1207 2203 1395 2264 affluentium

271 2307 383 2366 tractui
398 2291 563 2387 ¹indulgens
587 2312 618 2369 in
641 2313 767 2389 singulis
791 2312 926 2388 epistulis
945 2312 1176 2388 haudquaquam
1195 2311 1233 2371 ad
1251 2311 1396 2370 materiae

267 2413 496 2498 dispositionem
518 2435 653 2476 severam
672 2421 762 2495 atque
777 2417 968 2478 artificiosam
983 2436 1013 2476 se
1028 2418 1233 2477 accommodat
1255 2420 1286 2478 et
1299 2418 1395 2495 magis

273 2520 365 2580 etiam
388 2541 479 2597 quam
501 2522 533 2581 in
554 2523 660 2583 ceteris
680 2524 859 2583 carminibus
880 2524 941 2583 suis
958 2524 1080 2583 modum
1099 2524 1225 2584 excedit:
1249 2526 1321 2584 haec
1339 2525 1394 2601 igi-

271 2632 331 2704 tur,
350 2648 425 2705 quae
441 2627 582 2690 Senecam
601 2651 718 2709 quoque
735 2631 767 2690 in
786 2651 820 2691 eo
839 2631 1024 2708 vituperasse
1036 2631 1174 2690 *videmus
1189 2624 1239 2713 (cf.
1255 2612 1394 2692 Controv.

272 2734 312 2796 II.
328 2738 356 2793 2.
377 2728 449 2817 (10)
465 2740 483 2796 9
500 2731 558 2819 sq.)
580 2738 718 2798 homines
737 2739 874 2799 literatos
898 2742 1051 2814 tamquam
1074 2739 1232 2815 pellexisse
1256 2738 1396 2798 videntur

274 2841 312 2899 ed
341 2842 519 2903 imitandum
541 2843 679 2905 Ovidium
703 2849 793 2922 atque
811 2845 974 2922 impulisse,
997 2844 1126 2921 utquid
1148 2848 1271 2922 possent
1288 2846 1320 2904 in
1342 2865 1394 2904 au·

273 2949 370 3024 gendo
404 2953 494 3026 poeta
525 2952 775 3026 periclitarentur.
827 2952 908 3012 Haec
939 2953 1018 3029 ipsa,
1050 2971 1125 3028 quae
1152 2956 1218 3012 tum
1246 2955 1313 3012 orta
1340 2956 1395 3028 est,

272 3057 537 3133 interpolationem
566 3059 650 3136 copia
678 3079 812 3142 quaeque
841 3055 983 3119 absoluta
1007 3059 1086 3119 inest
1113 3060 1144 3117 in
1172 3060 1394 3134 vetustissimis,

273 3164 325 3239 qui
343 3164 429 3223 nobis
449 3167 519 3224 sunt
536 3167 609 3241 noti,
632 3167 791 3242 codicibus,
814 3168 877 3226 sine
896 3167 985 3226 dubio
1003 3186 1065 3227 non
1083 3168 1177 3226 omnis
1197 3167 1301 3226 eodem
1319 3171 1393 3226 tem-

273 3291 359 3348 pore,
388 3271 439 3332 sed
466 3273 534 3333 inde
562 3293 581 3332 a
602 3275 700 3351 prima
721 3278 791 3351 post
813 3274 894 3333 edita
916 3273 989 3335 haec
1012 3275 1144 3335 carmina
1167 3277 1266 3333 aetate
1289 3275 1392 3350 paula·

272 3377 327 3435 tim
351 3380 507 3442 succrevit.

360 3485 463 3562 Neque
487 3506 557 3547 vero
580 3487 694 3563 primus
717 3489 773 3548 hoc
796 3490 980 3566 excogitasse
1003 3488 1076 3546 mihi
1098 3486 1217 3558 videor3
1246 3487 1306 3546 iam
1329 3488 1393 3547 Nic.

272 3591 427 3670 Heinsius,
455 3587 630 3668 ‘sospitator
651 3595 702 3654 ille
727 3591 852 3672 Ovidii',
879 3597 1031 3672 aliquanto
1060 3594 1151 3653 etiam
1179 3595 1275 3672 magis
1303 3615 1392 3671 quam

273 3701 373 3758 cetera
390 3700 519 3759 Nasonis
544 3719 634 3777 opera
657 3702 800 3778 epistulas
823 3703 885 3796 her.
909 3701 1045 3762 versibus
1063 3700 1200 3761 insiticiis
1219 3705 1299 3761 recte
1317 3700 1394 3759 vidit-

273 3809 400 3884 scatera,
428 3827 544 3886 quaque
572 3812 638 3868 erat
666 3810 830 3886 sagacitate
858 3809 1019 3886 subtilique
1047 3809 1168 3885 iudicio,
1196 3807 1276 3866 haud
1297 3825 1392 3883 pauca

273 3912 400 3974 disticha
428 3914 540 3991 optimo
568 3916 632 3975 iure
660 3917 692 3974 in
719 3916 916 4002 suspicionem
943 3917 1070 3978 vocavit.
1116 3915 1211 3985 Quam
1239 3913 1319 3974 viam
1347 3914 1391 3972 in-

273 4039 394 4096 gressus
423 4024 499 4094 erat,
533 4022 585 4080 alii
611 4023 784 4098 posterioris
812 4023 921 4082 aetatis
948 4023 1093 4099 philologi
1121 4020 1215 4080 secuti
1243 4025 1325 4097 sunt,
1358 4025 1393 4080 ut

272 4145 350 4185 nunc
372 4125 435 4185 fere
459 4126 490 4184 in
513 4126 650 4186 omnibus
671 4127 850 4187 editionibus
868 4129 953 4188 velut
971 4127 1106 4203 Merlreli,¹
1128 4127 1229 4205 Riesii,
1252 4127 1393 4204 Palmari,

346 4317 372 4384 1)
392 4314 513 4386 Collegit
531 4332 579 4371 eos
597 4313 793 4384 Sedlmayerus
810 4316 829 4372 l.
846 4334 868 4370 c.
884 4334 911 4387 p.
926 4323 960 4371 65
970 4333 1010 4383 sq.
