3206 4928
655 401 873 466 „29-

201 586 301 663 Atque
328 588 392 646 tem
421 603 565 661 suspensa
593 587 624 644 et
652 585 779 646 obscure
807 573 888 647 suntv
904 585 958 646 illa
986 585 1080 646 verta
1107 577 1193 664 (88),
1222 589 1258 644 ut
1285 586 1323 645 ab

202 691 309 752 Ouidio
332 692 468 768 profecta
490 710 551 751 non
573 709 638 750 esse
662 691 829 752 videantur.
875 691 981 768 Itaque
1009 694 1089 751 recte
1112 690 1230 750 Riesius
1256 709 1323 751 rer-

202 817 269 860 sum
296 799 384 861 delet.
430 799 544 859 Versus
572 801 675 858 autem
705 801 849 874 83—87,
881 817 955 874 quos
983 817 1050 859 cum
1076 817 1104 858 r.
1129 799 1170 858 88
1199 797 1323 858 eircum-

203 905 292 964 scribi
315 907 382 966 vult
405 905 618 982 Sedlmayerus
642 899 815 986 (comment.
835 897 916 986 crit.)
934 908 969 964 ut
987 905 1189 966 abiudicemus
1209 902 1326 981 Ovidio,

201 1012 315 1072 idoneis
338 1013 506 1073 rationibus
527 1032 590 1072 non
612 1011 794 1073 adducimur.
841 1063 842 1068 ,
867 1064 877 1078 ,

291 1119 406 1180 Deinde
429 1139 448 1178 a
470 1118 622 1194 Leuucpic
645 1137 750 1178 versus
774 1120 827 1194 94,
852 1119 892 1178 95
917 1117 1083 1195 eiiciantur,
1106 1117 1154 1176 cui
1176 1136 1237 1178 non
1259 1135 1324 1176 esse

202 1226 423 1286 assentiendum
442 1225 557 1287 Loersii
576 1228 623 1285 est
647 1224 803 1286 sententia.
842 1223 901 1282 Sed
924 1242 999 1303 quae
1022 1223 1070 1283 hic
1093 1223 1198 1285 attulit
1220 1228 1324 1284 contra

202 1332 283 1392 illius
307 1332 497 1407 sententiam,
519 1331 642 1408 probari
663 1349 751 1406 posse
774 1348 835 1388 non
856 1328 1004 1390 videntur.
1040 1328 1120 1389 Nam
1142 1331 1200 1392 etsi
1222 1349 1323 1391 conoe-

202 1438 331 1498 dendum
354 1442 401 1499 est
428 1440 466 1498 ab
494 1438 625 1498 heminis
654 1427 727 1518 (non
750 1437 846 1496 solum
869 1436 953 1513 XIII,
977 1438 1028 1513 93,
1050 1428 1108 1518 94)
1139 1437 1256 1513 saepius
1285 1437 1322 1496 si-

201 1545 336 1624 gnificari
354 1565 411 1621 res,
430 1565 505 1622 quae
523 1549 629 1624 postea
648 1543 811 1620 evenerint,
825 1547 1007 1604 tamencum
1020 1563 1048 1604 v.
1065 1546 1106 1604 95
1122 1544 1160 1602 ad
1174 1545 1324 1604 Bacchum

202 1653 331 1712 referret
357 1653 512 1728 Loersius,
541 1653 661 1713 erravit.
714 1651 882 1729 Signifioari
908 1652 983 1710 bene
1011 1651 1228 1728 interpretatur
1255 1649 1323 1708 Pal·

203 1777 303 1818 merus
332 1753 436 1819 ‘vanas
463 1754 596 1820 umbres'
624 1759 673 1820 vel
701 1753 810 1822 ‘somni
838 1751 914 1818 visa'
939 1739 1075 1840 (ether.
1099 1758 1156 1836 IX,
1180 1759 1236 1835 393
1261 1775 1323 1817 em.

205 1864 229 1940 Ι,
255 1867 283 1941 6,
307 1858 349 1944 9).
396 1864 495 1935 Quam
516 1885 588 1927 vero
611 1845 736 1942 erigens
760 1868 842 1924 esset
864 1864 912 1923 hic
935 1865 1026 1924 timor
1048 1883 1120 1942 prae
1139 1865 1220 1925 vltee
1247 1863 1325 1940 peri-

203 1971 289 2030 culis!
340 1970 424 2030 Adde
453 1973 532 2049 quod
560 1973 726 2032 sententiae
757 1973 812 2048 95,
837 1973 878 2032 96
911 1971 1039 2048 pessime
1072 1990 1220 2032 connexae
1248 1974 1328 2054 sunt,

202 2075 282 2152 quod
305 2077 494 2138 enuntiatum
518 2073 645 2139 ‘caelum
668 2071 816 2137 restabat'
836 2077 955 2138 omnino
978 2096 1038 2137 non
1055 2078 1183 2153 quadrat
1201 2079 1239 2136 ad
1259 2097 1324 2138 sen-

201 2184 337 2246 tentiam.
384 2184 449 2244 Hoc
472 2185 592 2261 quidem
615 2184 765 2245 addidisse
788 2183 908 2243 videtur
930 2184 1033 2260 lector,
1056 2183 1107 2259 qui
1129 2202 1244 2243 memor
1266 2184 1326 2242 fuit

202 2291 274 2370 Met.
293 2289 376 2364 VIII,
398 2294 460 2353 177
482 2310 533 2368 sq,
556 2291 637 2352 I'ast.
656 2290 713 2368 III,
733 2292 798 2350 510
817 2293 857 2367 et,
877 2288 957 2366 quod
975 2289 1014 2348 nd
1033 2289 1176 2350 orationis
1194 2290 1324 2350 formam

202 2396 342 2473 pertinet,
365 2416 390 2456 a.
415 2417 441 2458 a.
465 2396 506 2475 ΙΙ,
526 2400 575 2459 37.
617 2399 711 2458 Porro
730 2417 798 2457 cum
816 2395 924 2457 vividis
943 2397 1092 2456 coloribus
1110 2397 1221 2456 malam
1240 2416 1325 2456 suern

180 2538 185 2550 ·
203 2503 403 2566 condicionem
423 2505 622 2584 descripserit,
641 2523 731 2582 quam
747 2505 933 2584 ineleganter
952 2507 983 2563 et
998 2503 1116 2586 exiliter
1129 2505 1321 2580 comprehen-

205 2611 287 2670 ditur
309 2611 510 2686 periculorum
533 2611 718 2671 enumeratio
741 2611 854 2672 verbis:

388 2734 420 2794 Si
443 2753 539 2812 mare,
564 2735 589 2794 si
611 2738 709 2796 terras
732 2738 928 2812 porrectaque
951 2735 1041 2794 litora
1063 2736 1139 2814 vidi,

429 2842 527 2900 Multa
549 2842 623 2902 mihi
646 2845 758 2921 terrae,
781 2843 878 2902 multa
900 2842 1053 2902 minantur
1075 2861 1179 2920 aquae,

202 2985 380 3060 praesertim
402 3003 471 3044 cum
493 2986 589 3046 denuo
612 2987 762 3046 conclusio
785 2986 839 3046 fiet
861 2986 917 3058 hoc
939 2989 1141 3063 pentametro:

409 3109 567 3168 Destituor
589 3110 701 3186 rapidis
724 3110 836 3185 praeda
858 3111 999 3188 cibusque
1022 3112 1103 3172 feris.

292 3252 392 3328 Atque
415 3251 481 3327 ipsa
504 3251 586 3311 riuus
610 3253 731 3312 asserere
754 3245 822 3334 (ee,
838 3246 895 3334 94)
917 3253 1015 3311 forma
1033 3239 1140 3333 (ss-
1158 3245 1196 3310 si’
1216 3247 1323 3312 ‘mue

203 3390 247 3400 -
267 3352 391 3440 multa')
417 3358 498 3417 haud
521 3358 581 3418 scio
604 3377 644 3417 an
667 3377 788 3434 operam
811 3359 943 3435 ineptam
966 3359 1176 3419 versificatoris
1199 3359 1323 3419 alicuius

154 3493 158 3500 f
203 3464 322 3525 indicet.
434 3517 438 3532 ,

293 3572 400 3648 Itaque
422 3572 491 3631 illos
514 3590 630 3648 quoquo
653 3591 758 3632 versus
783 3576 833 3650 93,
853 3575 904 3649 94,
929 3575 969 3634 95
994 3573 1194 3634 adulterinam
1217 3574 1322 3649 ampli-

203 3677 372 3737 ficationem
394 3679 542 3754 genuinae
566 3679 757 3757 cogitationis
781 3700 845 3740 esse
868 3684 949 3757 puto.

292 3786 421 3844 Restant
446 3804 551 3846 versus
581 3788 726 3864 89—92,
753 3787 784 3845 in
812 3787 920 3863 quibus
948 3771 1045 3847 haesit
1072 3787 1214 3849 Lehrsius
1242 3783 1275 3869 (l.
1299 3808 1322 3849 c.

203 3911 231 3968 p.
253 3895 292 3952 63
317 3886 477 3950 ‘der'sehr
499 3892 630 3968 unzeItig
653 3891 845 3953 erwaohende
863 3887 1082 3975 Ahnenstolz').
1120 3893 1179 3954 Sed
1202 3896 1325 3956 dubium
1367 3935 1371 3938 -

204 4003 263 4075 est,
291 4018 329 4058 an
356 4017 417 4058 non
438 3976 477 4057 ob
501 4017 567 4056 eam
591 4017 711 4058 causam
734 4019 838 4060 versus
862 4000 1052 4060 condemnari
1074 4002 1191 4078 possint
1212 4009 1324 4063 cetero-

204 4105 276 4181 quin
298 4105 373 4164 nihil
396 4104 586 4181 vltuperandi
609 4099 661 4188 (cf.
684 4105 782 4184 Koch,
812 4101 949 4168 ‘Zuslitze
971 4127 1007 4166 zu
1031 4107 1089 4170 den
1111 4103 1322 4170 Adversarien'

206 4211 237 4270 in
259 4211 351 4270 Jahni
375 4213 474 4271 annal.
497 4213 569 4288 phil.
593 4215 625 4272 et
647 4213 731 4289 paed.
755 4214 811 4276 vol.
837 4217 889 4292 87,
911 4235 939 4290 p.
961 4209 1047 4296 148),
1126 4190 1130 4200 ¹

293 4317 444 4385 Delendos
466 4318 559 4396 igitur
583 4338 648 4380 esse
671 4339 775 4380 censeo
798 4341 825 4382 v.
841 4323 893 4400 88,
911 4324 1056 4400 93-95,
1080 4326 1170 4398 atque
1188 4327 1224 4384 ut
1240 4323 1323 4399 prlor
