3206 4928
739 398 953 468 ..30..

284 585 426 664 cogitatio
456 578 512 669 (83
525 579 630 669 -87)
660 584 744 646 s'uam
773 586 884 645 habeat
911 585 1090 662 clausulam,
1125 579 1327 644 adnectendus
1359 586 1406 644 est

284 714 312 756 v.
333 697 373 755 96
398 694 437 753 ad
460 696 511 756 87.
558 691 678 770 Optime
702 696 804 752 autern
827 713 854 754 6.
875 694 1005 753 89-92
1029 695 1098 768 6666
1121 712 1148 751 6.
1169 693 1220 768 98,
1243 690 1407 767 quippein

285 821 342 877 quo
365 801 495 878 primum
519 819 615 860 sermo
640 801 679 860 sit
700 800 737 858 de
760 799 916 877 periculis,
939 819 1014 876 quae
1043 800 1081 858 ab
1111 798 1282 858 hominibus
1309 795 1405 855 1111161-

285 909 386 985 neant,
408 910 576 983 ponuntur,
604 909 639 966 ut
665 907 743 966 hunc
771 906 936 966 habeamus
963 925 991 966 v.
1015 905 1163 964 ordinem:
1190 907 1336 981 83-87,
1364 906 1404 962 96

288 1016 388 1090 -98,
412 1016 557 1091 89-91,
582 1015 622 1073 99
648 1032 691 1089 sq.
740 1055 750 1070 .
999 1021 1001 1024 ’

375 1135 488 1196 Versus
506 1136 576 1213 XII,
595 1139 695 1196 169-
707 1140 779 1214 171,
801 1135 957 1213 inquibus
977 1136 1082 1197 Medea
1101 1156 1132 1196 se
1152 1137 1190 1196 ab
1209 1135 1324 1196 artibus
1344 1135 1404 1194 suis

285 1244 374 1321 plane
397 1243 548 1302 desertam
570 1262 608 1302 ne
631 1241 761 1302 dormire
785 1242 905 1319 quidem
918 1261 1013 1320 ,posse
1037 1244 1180 1320 queritur,
1204 1242 1404 1318 compluribus

286 1351 386 1426 eisque
416 1350 488 1410 satis
516 1350 658 1427 gravibus
689 1351 725 1408 de
757 1351 854 1410 causis
887 1351 1042 1427 suspiciosi
1073 1351 1254 1412 videbantur
1280 1349 1404 1408 Lchrsio

286 1449 367 1540 (1.6.
391 1478 418 1534 p.
445 1448 509 1536 67).
533 1457 643 1516 Facere
666 1475 915 1533 6666666611166,
939 1458 1011 1533 quin
1034 1457 1061 1516 ei
1084 1457 1292 1531 assentiamur,
1316 1460 1405 1532 atque

286 1564 427 1640 quoniam
450 1563 533 1621 nullo
556 1566 644 1638 pacto
667 1583 694 1624 v.
717 1565 887 1624 169-171
913 1564 1074 1623 cohaerent
1096 1583 1163 1623 cum
1181 1563 1333 1640 proximis,
1356 1581 1404 1621 eos

287 1669 386 1730 delere
413 1688 473 1728 non
501 1669 681 1730 dubitamus.
728 1669 833 1728 Medea
860 1671 939 1729 euim
967 1690 1061 1746 usque
1090 1671 1127 1730 ad
1154 1692 1181 1731 6.
1208 1674 1269 1731 166
1295 1690 1326 1730 66
1350 1670 1405 1729 sibi

288 1771 429 1853 ipsi'non
450 1794 537 1851 66666
561 1775 673 1834 mederi
697 1780 874 1852 exposuerat
897 1778 987 1853 atque
1010 1795 1115 1836 versus
1140 1779 1216 1839 167:

443 1883 506 1960 Ipsi
525 1867 576 1942 'me
599 1887 706 1944 cantus
729 1884 898 1959 herbaeque
922 1886 1060 1960 artesque
1084 1885 1266 1961 relinquunt,

287 1991 391 2067 aperte
414 1990 564 2049 concludit
587 1991 662 2050 hanc
686 1990 873 2066 senteutiam,
896 1993 932 2049 ut
952 1993 1032 2049 certe
1052 2010 1159 2067 parum
1178 1993 1298 2068 elegans
1318 1995 1405 2068 66666,

287 2098 312 2157 61
339 2097 438 2173 611616
471 2097 614 2156 orationis
642 2101 729 2172 parte
756 2097 841 2157 finita
867 2115 978 2156 novum
1006 2097 1117 2173 aliquid
1145 2100 1234 2174 atque
1258 2097 1288 2156 id
1311 2098 1404 2156 multo

287 2204 434 2263 infirmius
461 2203 611 2280 prioribus
634 2203 803 2265 adderetur.
829 2235 863 2246 -
893 2203 1023 2263 Versum
1046 2207 1147 2264 autem
1173 2209 1211 2265 17
1216 2207 1234 2264 2
1258 2223 1318 2264 non
1342 2223 1405 2264 esse

287 2309 525 2388 coniungendum
557 2329 625 2369 cum
657 2309 814 2390 proximis,
849 2329 924 2386 quae
956 2311 1148 2386 antecedunt,
1181 2309 1234 2368 sed
1265 2329 1332 2370 cum
1365 2311 1406 2370 eis

289 2433 365 2494 quac
389 2418 567 2492 sequuntur,
590 2415 646 2475 hoc
669 2415 788 2492 quidem
811 2415 898 2474 facile
922 2416 1116 2494 intellegitur.

375 2524 476 2599 Atque
503 2540 572 2581 cum
597 2539 657 2580 non
685 2521 832 2597 exprimat
859 2542 887 2583 v.
912 2525 975 2583 166
1002 2523 1033 2580 id
1061 2521 1140 2599 quod
1163 2522 1318 2582 dicendum
1343 2541 1405 2583 6666
1429 2530 1434 2541 “

289 2607 477 2708 apparet-
502 2647 599 2704 neque
623 2628 709 2687 enim.
725 2629 844 2688 omnino
864 2629 942 2687 nihil
966 2633 1060 2706 agunt
1082 2628 1205 2689 Medeae
1233 2633 1327 2706 artes,
1355 2629 1406 2689 sed

161 2749 165 2754 '
208 2715 212 2724 Ι
288 2738 319 2796 16
351 2737 447 2813 ipsam
479 2735 615 2795 Medeam
647 2735 722 2794 nihil
754 2737 857 2794 valent
882 2719 919 2776 —'
945 2736 1023 2795 hune
1055 2736 1157 2812 potius
1189 2749 1308 2796 66166111
1340 2756 1406 2796 6616

273 2845 388 2904 >tribus
411 2843 471 2902 illis
498 2835 704 2922 ree—171¹)
729 2843 893 2918 deleamus,
917 2843 1100 2902 retineamus
1122 2863 1149 2904 v.
1176 2846 1247 2905 172.

376 2985 497 3044 Fortius
520 2989 555 3043 66
578 2985 699 3044 61161166
720 2987 827 3060 poetae
855 2963 1069 3072 cogitationes,
1092 2986 1142 3044 illc
1170 2986 1300 3046 voluisse
1326 2984 1406 3044 vide-

289 3098 351 3168 tur,
379 3093 429 3168 qui
457 3091 624 3167 composuit
646 3111 674 3152 6.
698 3090 781 3167 VIll,
806 3095 845 3152 77
871 3111 912 3168 sq.
959 3092 1105 3151 Helenam
1134 3111 1250 3168 quoque
1279 3094 1407 3149 matrem

288 3203 406 3274 raptam
421 3217 486 3258 esse
506 3198 549 3257 ibi
564 3201 669 3274 narrat
683 3197 853 3273 Hermione,
872 3217 940 3256 cum
959 3216 1061 3257 omnes
1080 3197 1126 3256 sui
1143 3198 1262 3276 generis
1280 3191 1427 3256 feminas'

289 3301 403 3382 ‘aptam
426 3299 575 3381 rapinam'
602 3303 694 3363 fuisse
723 3303 837 3364 doceat.
882 3304 982 3380 Atque
1011 3322 1078 3363 cum
1101 3306 1190 3363 antea
1213 3305 1248 3362 de
1273 3321 1405 3380 unaqua-

289 3433 346 3490 que
369 3413 474 3489 rapina
496 3431 555 3472 uno
573 3414 692 3470 tantum
712 3411 839 3470 disticho
858 3410 990 3487 dixisset,
1014 3410 1051 3468 ds
1069 3411 1174 3469 metris
1193 3431 1247 3486 per
1265 3415 1407 3487 quattuor

289 3520 365 3597 agit,
390 3525 515 3595 quorum
540 3518 598 3577 duo
625 3519 754 3577 77-80
779 3517 880 3593 666116
903 3535 968 3577 6666
992 3517 1138 3575 existimo.

362 3763 388 3830 1)
411 3760 531 3815 Versum
555 3765 606 3816 170
629 3758 659 3812 in
686 3757 830 3814 codicibus
858 3759 1018 3827 corruptum
1046 3759 1140 3813 extare
1168 3757 1283 3812 minime
1311 3773 1407 3826 urgeo,

291 3850 423 3919 quoniam
439 3847 562 3904 Palmeri
581 3848 755 3904 coniecturae

505 3956 554 4010 ‘Et
571 3957 653 4009 tener
670 3969 688 4006 6
706 3953 808 4008 misero
827 3956 940 4025 pectore
960 3941 1070 4010 somnus
1089 3953 1175 4020 abit',

290 4063 371 4119 illum
391 4065 520 4118 sanatum
539 4077 600 4116 6666
618 4063 695 4130 puto.
723 4059 842 4114 Merkeli
861 4059 935 4114 enim
953 4058 1098 4116 inventum
1115 4074 1172 4113 uon
1191 4058 1324 4113 convenit
1342 4057 1407 4114 061-

292 4153 376 4208 1116116
394 4150 516 4206 sermoni
535 4149 580 4219 (61.
600 4145 666 4204 Μ66.
686 4147 826 4216 711329,
848 4153 926 4219 667),
947 4149 1018 4203 illud
1037 4151 1131 4202 6666111
1150 4146 1213 4216 1666
1232 4146 1340 4201 codicis
1353 4147 1407 4200 Pu-

290 4241 386 4296 teanei
400 4237 522 4309 vestigia
537 4235 676 4306 sequitur:
693 4236 819 4293 ‘habere’
835 4254 886 4306 pro
903 4235 1003 4291 ‘abire'
1018 4235 1068 4289 1116
1078 4233 1165 4290 etiam
1179 4251 1222 4304 ep.
1233 4234 1268 4306 ll,
1277 4241 1312 4290 47
1327 4251 1406 4305 prae-

291 4329 353 4398 bet,
372 4332 402 4384 et
420 4329 474 4382 hoc
494 4328 579 4384 verbo
599 4329 730 4396 corrupto
750 4329 813 4382 orta
831 4341 891 4380 esse
909 4325 1022 4382 videtur
1040 4327 1133 4380 cetera
1151 4325 1318 4400 corruptele.
