<?xml version="1.0" encoding="UTF-8"?>
<!DOCTYPE html PUBLIC "-//W3C//DTD XHTML 1.0 Transitional//EN"
    "http://www.w3.org/TR/xhtml1/DTD/xhtml1-transitional.dtd">
<html xmlns="http://www.w3.org/1999/xhtml" xml:lang="en" lang="en">
 <head>
  <title>
</title>
<meta http-equiv="Content-Type" content="text/html;charset=utf-8" />
  <meta name='ocr-system' content='tesseract 3.04.00' />
  <meta name='ocr-capabilities' content='ocr_page ocr_carea ocr_par ocr_line ocrx_word'/>
</head>
<body>
  <div class='ocr_page' id='page_1' title='image "./observationesad00petegoog_0061.png"; bbox 0 0 3206 4928; ppageno 0'>
   <div class='ocr_carea' id='block_1_1' title="bbox 741 379 954 448">
    <p class='ocr_par' dir='ltr' id='par_1_1' title="bbox 741 379 954 448">
     <span class='ocr_line' id='line_1_1' title="bbox 741 379 954 448; baseline 0 -18"><span class='ocrx_word' id='word_1_1' title='bbox 741 379 954 448; x_wconf 53' lang='lat'><strong>252⁶*</strong></span> 
     </span>
    </p>
   </div>
   <div class='ocr_carea' id='block_1_2' title="bbox 285 559 1407 1180">
    <p class='ocr_par' dir='ltr' id='par_1_2' title="bbox 285 559 1407 1180">
     <span class='ocr_line' id='line_1_2' title="bbox 287 559 1405 644; baseline -0.001 -17"><span class='ocrx_word' id='word_1_2' title='bbox 287 559 399 628; x_wconf 82' lang='lat' dir='ltr'><strong>duntur</strong></span> <span class='ocrx_word' id='word_1_3' title='bbox 422 567 522 628; x_wconf 84' lang='lat' dir='ltr'><strong>cutem</strong></span> <span class='ocrx_word' id='word_1_4' title='bbox 545 579 605 626; x_wconf 85' lang='lat' dir='ltr'><strong>una</strong></span> <span class='ocrx_word' id='word_1_5' title='bbox 626 567 792 644; x_wconf 80' lang='lat' dir='ltr'><strong>primarum</strong></span> <span class='ocrx_word' id='word_1_6' title='bbox 815 567 979 627; x_wconf 74' lang='lat' dir='ltr'><strong>editionum</strong></span> <span class='ocrx_word' id='word_1_7' title='bbox 1002 565 1189 628; x_wconf 84' lang='lat' dir='ltr'><strong>auctoritate.</strong></span> <span class='ocrx_word' id='word_1_8' title='bbox 1231 565 1310 626; x_wconf 81' lang='lat' dir='ltr'><strong>Nam</strong></span> <span class='ocrx_word' id='word_1_9' title='bbox 1333 563 1405 626; x_wconf 89' lang='lat' dir='ltr'><strong>Vin·</strong></span> 
     </span>
     <span class='ocr_line' id='line_1_3' title="bbox 287 674 1406 752; baseline 0 -18"><span class='ocrx_word' id='word_1_10' title='bbox 287 675 487 736; x_wconf 86' lang='lat' dir='ltr'><strong>dobonensem</strong></span> <span class='ocrx_word' id='word_1_11' title='bbox 511 674 643 736; x_wconf 83' lang='lat' dir='ltr'><strong>codicem</strong></span> <span class='ocrx_word' id='word_1_12' title='bbox 667 693 690 737; x_wconf 91' lang='grc'><strong>0.</strong></span> <span class='ocrx_word' id='word_1_13' title='bbox 713 675 778 751; x_wconf 91' lang='lat' dir='ltr'><strong>XV,</strong></span> <span class='ocrx_word' id='word_1_14' title='bbox 801 675 853 752; x_wconf 91' lang='lat' dir='ltr'><strong>qui</strong></span> <span class='ocrx_word' id='word_1_15' title='bbox 876 693 927 736; x_wconf 86' lang='lat' dir='ltr'><strong>eos</strong></span> <span class='ocrx_word' id='word_1_16' title='bbox 949 693 1054 735; x_wconf 87' lang='lat' dir='ltr'><strong>versus</strong></span> <span class='ocrx_word' id='word_1_17' title='bbox 1077 674 1182 750; x_wconf 83' lang='lat' dir='ltr'><strong>habet,</strong></span> <span class='ocrx_word' id='word_1_18' title='bbox 1205 674 1317 734; x_wconf 83' lang='lat' dir='ltr'><strong>nullius</strong></span> <span class='ocrx_word' id='word_1_19' title='bbox 1340 693 1406 734; x_wconf 85' lang='lat' dir='ltr'><strong>auo-</strong></span> 
     </span>
     <span class='ocr_line' id='line_1_4' title="bbox 285 773 1407 863; baseline 0 -22"><span class='ocrx_word' id='word_1_20' title='bbox 285 783 418 842; x_wconf 79' lang='lat' dir='ltr'><strong>toritutis</strong></span> <span class='ocrx_word' id='word_1_21' title='bbox 446 801 510 843; x_wconf 90' lang='lat' dir='ltr'><strong>esse</strong></span> <span class='ocrx_word' id='word_1_22' title='bbox 537 785 656 842; x_wconf 87' lang='lat' dir='ltr'><strong>constat</strong></span> <span class='ocrx_word' id='word_1_23' title='bbox 683 787 715 842; x_wconf 89' lang='lat' dir='ltr'><strong>et</strong></span> <span class='ocrx_word' id='word_1_24' title='bbox 742 782 944 860; x_wconf 72' lang='lat' dir='ltr'><strong>fragmentum</strong></span> <span class='ocrx_word' id='word_1_25' title='bbox 973 773 1234 863; x_wconf 69' lang='lat' dir='ltr'><strong>Seidlerianuml),</strong></span> <span class='ocrx_word' id='word_1_26' title='bbox 1262 783 1349 856; x_wconf 87' lang='lat' dir='ltr'><strong>plane</strong></span> <span class='ocrx_word' id='word_1_27' title='bbox 1373 785 1407 842; x_wconf 89' lang='lat' dir='ltr'><strong>ut</strong></span> 
     </span>
     <span class='ocr_line' id='line_1_5' title="bbox 285 888 1405 966; baseline 0 -19"><span class='ocrx_word' id='word_1_28' title='bbox 285 888 490 966; x_wconf 75' lang='lat' dir='ltr'><strong>fragmentum</strong></span> <span class='ocrx_word' id='word_1_29' title='bbox 512 889 698 965; x_wconf 85' lang='lat' dir='ltr'><strong>Paullinum,</strong></span> <span class='ocrx_word' id='word_1_30' title='bbox 728 889 837 949; x_wconf 86' lang='lat' dir='ltr'><strong>codicis</strong></span> <span class='ocrx_word' id='word_1_31' title='bbox 869 889 994 949; x_wconf 87' lang='lat' dir='ltr'><strong>uliouius</strong></span> <span class='ocrx_word' id='word_1_32' title='bbox 1027 890 1277 965; x_wconf 77' lang='lat' dir='ltr'><strong>complementum</strong></span> <span class='ocrx_word' id='word_1_33' title='bbox 1307 889 1405 964; x_wconf 85' lang='lat' dir='ltr'><strong>poste-</strong></span> 
     </span>
     <span class='ocr_line' id='line_1_6' title="bbox 285 987 1406 1074; baseline 0 -20"><span class='ocrx_word' id='word_1_34' title='bbox 285 996 364 1056; x_wconf 87' lang='lat' dir='ltr'><strong>riore</strong></span> <span class='ocrx_word' id='word_1_35' title='bbox 386 995 499 1057; x_wconf 83' lang='lat' dir='ltr'><strong>fectum</strong></span> <span class='ocrx_word' id='word_1_36' title='bbox 522 999 623 1074; x_wconf 86' lang='lat' dir='ltr'><strong>aetate</strong></span> <span class='ocrx_word' id='word_1_37' title='bbox 646 987 738 1058; x_wconf 77' lang='lat' dir='ltr'><strong>fuisse</strong></span> <span class='ocrx_word' id='word_1_38' title='bbox 761 997 889 1056; x_wconf 85' lang='lat' dir='ltr'><strong>videtur.</strong></span> <span class='ocrx_word' id='word_1_39' title='bbox 931 997 1074 1056; x_wconf 84' lang='lat' dir='ltr'><strong>Excidere</strong></span> <span class='ocrx_word' id='word_1_40' title='bbox 1097 999 1261 1073; x_wconf 86' lang='lat' dir='ltr'><strong>potuerunt</strong></span> <span class='ocrx_word' id='word_1_41' title='bbox 1283 994 1406 1056; x_wconf 85' lang='lat' dir='ltr'><strong>eandem</strong></span> 
     </span>
     <span class='ocr_line' id='line_1_7' title="bbox 290 1103 1207 1180; baseline 0.003 -18"><span class='ocrx_word' id='word_1_42' title='bbox 290 1103 328 1162; x_wconf 92' lang='lat' dir='ltr'><strong>oh</strong></span> <span class='ocrx_word' id='word_1_43' title='bbox 351 1121 416 1162; x_wconf 88' lang='lat' dir='ltr'><strong>rem</strong></span> <span class='ocrx_word' id='word_1_44' title='bbox 438 1107 529 1180; x_wconf 87' lang='lat' dir='ltr'><strong>atque</strong></span> <span class='ocrx_word' id='word_1_45' title='bbox 552 1104 592 1179; x_wconf 95' lang='lat' dir='ltr'><strong>II,</strong></span> <span class='ocrx_word' id='word_1_46' title='bbox 619 1106 668 1179; x_wconf 88' lang='lat'><strong>18,</strong></span> <span class='ocrx_word' id='word_1_47' title='bbox 694 1106 734 1164; x_wconf 82' lang='grc'><strong>19</strong></span> <span class='ocrx_word' id='word_1_48' title='bbox 758 1104 921 1180; x_wconf 83' lang='lat' dir='ltr'><strong>eademque</strong></span> <span class='ocrx_word' id='word_1_49' title='bbox 944 1104 1061 1166; x_wconf 88' lang='lat' dir='ltr'><strong>ratione</strong></span> <span class='ocrx_word' id='word_1_50' title='bbox 1084 1105 1207 1165; x_wconf 85' lang='lat' dir='ltr'><strong>servari.</strong></span> 
     </span>
    </p>
   </div>
   <div class='ocr_carea' id='block_1_3' title="bbox 285 1225 1407 1960">
    <p class='ocr_par' dir='ltr' id='par_1_3' title="bbox 285 1225 1407 1960">
     <span class='ocr_line' id='line_1_8' title="bbox 376 1225 1406 1305; baseline 0.003 -19"><span class='ocrx_word' id='word_1_51' title='bbox 376 1225 527 1287; x_wconf 81' lang='lat' dir='ltr'><strong>Genuinos</strong></span> <span class='ocrx_word' id='word_1_52' title='bbox 550 1247 623 1289; x_wconf 87' lang='lat' dir='ltr'><strong>vero</strong></span> <span class='ocrx_word' id='word_1_53' title='bbox 645 1227 751 1288; x_wconf 89' lang='lat' dir='ltr'><strong>haberi</strong></span> <span class='ocrx_word' id='word_1_54' title='bbox 774 1247 824 1287; x_wconf 90' lang='lat' dir='ltr'><strong>eos</strong></span> <span class='ocrx_word' id='word_1_55' title='bbox 847 1245 960 1303; x_wconf 87' lang='lat' dir='ltr'><strong>versus,</strong></span> <span class='ocrx_word' id='word_1_56' title='bbox 984 1228 1035 1304; x_wconf 90' lang='lat' dir='ltr'><strong>qui</strong></span> <span class='ocrx_word' id='word_1_57' title='bbox 1057 1231 1127 1305; x_wconf 89' lang='lat' dir='ltr'><strong>post</strong></span> <span class='ocrx_word' id='word_1_58' title='bbox 1148 1227 1217 1304; x_wconf 89' lang='lat' dir='ltr'><strong>VH,</strong></span> <span class='ocrx_word' id='word_1_59' title='bbox 1238 1231 1277 1290; x_wconf 86' lang='lat'><strong>95</strong></span> <span class='ocrx_word' id='word_1_60' title='bbox 1302 1229 1406 1289; x_wconf 89' lang='lat' dir='ltr'><strong>inserti</strong></span> 
     </span>
     <span class='ocr_line' id='line_1_9' title="bbox 286 1325 1405 1416; baseline 0.002 -22"><span class='ocrx_word' id='word_1_61' title='bbox 286 1337 356 1394; x_wconf 88' lang='lat' dir='ltr'><strong>sunt</strong></span> <span class='ocrx_word' id='word_1_62' title='bbox 383 1334 414 1392; x_wconf 90' lang='lat' dir='ltr'><strong>in</strong></span> <span class='ocrx_word' id='word_1_63' title='bbox 444 1334 506 1394; x_wconf 88' lang='lat' dir='ltr'><strong>cod.</strong></span> <span class='ocrx_word' id='word_1_64' title='bbox 531 1335 694 1395; x_wconf 79' lang='lat' dir='ltr'><strong>Trevirano</strong></span> <span class='ocrx_word' id='word_1_65' title='bbox 718 1329 755 1415; x_wconf 89' lang='lat' dir='ltr'><strong>(s.</strong></span> <span class='ocrx_word' id='word_1_66' title='bbox 778 1325 867 1416; x_wconf 89' lang='lat' dir='ltr'>XIII)</span> <span class='ocrx_word' id='word_1_67' title='bbox 896 1334 1022 1412; x_wconf 86' lang='lat' dir='ltr'><strong>aliisque</strong></span> <span class='ocrx_word' id='word_1_68' title='bbox 1049 1335 1115 1412; x_wconf 87' lang='lat' dir='ltr'><strong>ipsa</strong></span> <span class='ocrx_word' id='word_1_69' title='bbox 1142 1355 1218 1413; x_wconf 88' lang='lat' dir='ltr'><strong>qnae</strong></span> <span class='ocrx_word' id='word_1_70' title='bbox 1245 1335 1288 1396; x_wconf 91' lang='lat' dir='ltr'><strong>ibi</strong></span> <span class='ocrx_word' id='word_1_71' title='bbox 1316 1335 1405 1396; x_wconf 87' lang='lat' dir='ltr'><strong>adno-</strong></span> 
     </span>
     <span class='ocr_line' id='line_1_10' title="bbox 285 1435 1407 1519; baseline 0.001 -19"><span class='ocrx_word' id='word_1_72' title='bbox 285 1444 391 1500; x_wconf 84' lang='lat' dir='ltr'><strong>tentur</strong></span> <span class='ocrx_word' id='word_1_73' title='bbox 413 1440 507 1500; x_wconf 87' lang='lat' dir='ltr'><strong>verba</strong></span> <span class='ocrx_word' id='word_1_74' title='bbox 530 1435 676 1508; x_wconf 74' lang='lat' dir='ltr'><strong>‘sednon</strong></span> <span class='ocrx_word' id='word_1_75' title='bbox 699 1444 770 1501; x_wconf 91' lang='lat' dir='ltr'><strong>sunt</strong></span> <span class='ocrx_word' id='word_1_76' title='bbox 792 1440 828 1499; x_wconf 85' lang='lat' dir='ltr'><strong>de</strong></span> <span class='ocrx_word' id='word_1_77' title='bbox 851 1436 950 1518; x_wconf 91' lang='lat' dir='ltr'><strong>libro’,</strong></span> <span class='ocrx_word' id='word_1_78' title='bbox 974 1445 1085 1503; x_wconf 85' lang='lat' dir='ltr'><strong>vetant.</strong></span> <span class='ocrx_word' id='word_1_79' title='bbox 1131 1442 1235 1519; x_wconf 89' lang='lat' dir='ltr'><strong>Neque</strong></span> <span class='ocrx_word' id='word_1_80' title='bbox 1257 1443 1302 1504; x_wconf 92' lang='lat' dir='ltr'><strong>ibi</strong></span> <span class='ocrx_word' id='word_1_81' title='bbox 1323 1444 1407 1503; x_wconf 86' lang='lat' dir='ltr'><strong>deest</strong></span> 
     </span>
     <span class='ocr_line' id='line_1_11' title="bbox 285 1542 1403 1626; baseline 0.003 -20"><span class='ocrx_word' id='word_1_82' title='bbox 285 1547 461 1624; x_wconf 83' lang='lat' dir='ltr'><strong>quidquam,</strong></span> <span class='ocrx_word' id='word_1_83' title='bbox 493 1547 552 1606; x_wconf 86' lang='lat' dir='ltr'><strong>nisi</strong></span> <span class='ocrx_word' id='word_1_84' title='bbox 583 1567 654 1623; x_wconf 83' lang='lat' dir='ltr'><strong>vox,</strong></span> <span class='ocrx_word' id='word_1_85' title='bbox 686 1546 725 1607; x_wconf 84' lang='lat' dir='ltr'><strong>ad</strong></span> <span class='ocrx_word' id='word_1_86' title='bbox 757 1566 847 1623; x_wconf 91' lang='lat' dir='ltr'><strong>quam</strong></span> <span class='ocrx_word' id='word_1_87' title='bbox 880 1547 1069 1608; x_wconf 81' lang='lat' dir='ltr'><strong>referendum</strong></span> <span class='ocrx_word' id='word_1_88' title='bbox 1102 1548 1142 1608; x_wconf 89' lang='lat' dir='ltr'><strong>sit</strong></span> <span class='ocrx_word' id='word_1_89' title='bbox 1169 1542 1219 1607; x_wconf 74' lang='lat' dir='ltr'><strong>‘ad</strong></span> <span class='ocrx_word' id='word_1_90' title='bbox 1247 1569 1321 1626; x_wconf 88' lang='lat' dir='ltr'><strong>quas</strong></span> <span class='ocrx_word' id='word_1_91' title='bbox 1348 1543 1403 1609; x_wconf 87' lang='lat' dir='ltr'><strong>eo&#39;.</strong></span> 
     </span>
     <span class='ocr_line' id='line_1_12' title="bbox 288 1671 1405 1748; baseline 0 -18"><span class='ocrx_word' id='word_1_92' title='bbox 288 1671 420 1748; x_wconf 77' lang='lat' dir='ltr'><strong>Cumque</strong></span> <span class='ocrx_word' id='word_1_93' title='bbox 448 1671 543 1732; x_wconf 87' lang='lat' dir='ltr'><strong>totius</strong></span> <span class='ocrx_word' id='word_1_94' title='bbox 570 1673 628 1732; x_wconf 90' lang='lat' dir='ltr'><strong>loci</strong></span> <span class='ocrx_word' id='word_1_95' title='bbox 658 1675 806 1732; x_wconf 86' lang='lat' dir='ltr'><strong>sententia</strong></span> <span class='ocrx_word' id='word_1_96' title='bbox 833 1671 1018 1732; x_wconf 88' lang='lat' dir='ltr'><strong>demonstret</strong></span> <span class='ocrx_word' id='word_1_97' title='bbox 1045 1672 1082 1733; x_wconf 86' lang='lat' dir='ltr'><strong>de</strong></span> <span class='ocrx_word' id='word_1_98' title='bbox 1110 1673 1206 1732; x_wconf 84' lang='lat' dir='ltr'><strong>eundo</strong></span> <span class='ocrx_word' id='word_1_99' title='bbox 1235 1673 1273 1732; x_wconf 85' lang='lat' dir='ltr'><strong>ad</strong></span> <span class='ocrx_word' id='word_1_100' title='bbox 1296 1673 1405 1732; x_wconf 87' lang='lat' dir='ltr'><strong>inferos</strong></span> 
     </span>
     <span class='ocr_line' id='line_1_13' title="bbox 291 1773 1405 1856; baseline 0.002 -20"><span class='ocrx_word' id='word_1_101' title='bbox 291 1797 458 1837; x_wconf 89' lang='lat' dir='ltr'><strong>sermonem</strong></span> <span class='ocrx_word' id='word_1_102' title='bbox 478 1797 552 1855; x_wconf 87' lang='lat' dir='ltr'><strong>esse,</strong></span> <span class='ocrx_word' id='word_1_103' title='bbox 571 1779 698 1837; x_wconf 87' lang='lat' dir='ltr'><strong>Merkeli</strong></span> <span class='ocrx_word' id='word_1_104' title='bbox 711 1778 786 1838; x_wconf 89' lang='lat' dir='ltr'><strong>illud</strong></span> <span class='ocrx_word' id='word_1_105' title='bbox 800 1778 954 1856; x_wconf 80' lang='lat' dir='ltr'><strong>inventum</strong></span> <span class='ocrx_word' id='word_1_106' title='bbox 970 1773 1164 1856; x_wconf 75' lang='lat' dir='ltr'><strong>‘umbraeque</strong></span> <span class='ocrx_word' id='word_1_107' title='bbox 1179 1773 1317 1854; x_wconf 82' lang='lat' dir='ltr'><strong>Sychaei&#39;</strong></span> <span class='ocrx_word' id='word_1_108' title='bbox 1333 1779 1405 1839; x_wconf 86' lang='lat' dir='ltr'><strong>satis</strong></span> 
     </span>
     <span class='ocr_line' id='line_1_14' title="bbox 288 1865 851 1960; baseline 0.004 -18"><span class='ocrx_word' id='word_1_109' title='bbox 288 1884 453 1960; x_wconf 90' lang='lat' dir='ltr'><strong>probabilis</strong></span> <span class='ocrx_word' id='word_1_110' title='bbox 477 1888 523 1945; x_wconf 91' lang='lat' dir='ltr'><strong>est</strong></span> <span class='ocrx_word' id='word_1_111' title='bbox 545 1885 724 1947; x_wconf 88' lang='lat' dir='ltr'><strong>coniectura.</strong></span> <span class='ocrx_word' id='word_1_112' title='bbox 847 1865 851 1874; x_wconf 55' lang='grc'><em>’</em></span> 
     </span>
    </p>
   </div>
   <div class='ocr_carea' id='block_1_4' title="bbox 810 2114 875 2192">
    <p class='ocr_par' dir='ltr' id='par_1_4' title="bbox 810 2114 875 2192">
     <span class='ocr_line' id='line_1_15' title="bbox 810 2114 875 2192; baseline 0.015 -15"><span class='ocrx_word' id='word_1_113' title='bbox 810 2114 875 2192; x_wconf 62' lang='lat' dir='ltr'><strong>§I</strong></span> 
     </span>
    </p>
   </div>
   <div class='ocr_carea' id='block_1_5' title="bbox 250 2258 1405 2461">
    <p class='ocr_par' dir='ltr' id='par_1_5' title="bbox 250 2258 1405 2461">
     <span class='ocr_line' id='line_1_16' title="bbox 375 2258 1405 2336; baseline -0.002 -16"><span class='ocrx_word' id='word_1_114' title='bbox 375 2259 458 2332; x_wconf 82' lang='lat' dir='ltr'><strong>Quae</strong></span> <span class='ocrx_word' id='word_1_115' title='bbox 472 2259 600 2321; x_wconf 86' lang='lat' dir='ltr'><strong>tractavi</strong></span> <span class='ocrx_word' id='word_1_116' title='bbox 618 2258 745 2320; x_wconf 86' lang='lat' dir='ltr'><strong>disticha</strong></span> <span class='ocrx_word' id='word_1_117' title='bbox 762 2261 865 2318; x_wconf 88' lang='lat' dir='ltr'><strong>utrum</strong></span> <span class='ocrx_word' id='word_1_118' title='bbox 882 2259 1014 2336; x_wconf 87' lang='lat' dir='ltr'><strong>genuina</strong></span> <span class='ocrx_word' id='word_1_119' title='bbox 1032 2258 1093 2319; x_wconf 89' lang='lat' dir='ltr'><strong>sint</strong></span> <span class='ocrx_word' id='word_1_120' title='bbox 1110 2277 1210 2334; x_wconf 89' lang='lat' dir='ltr'><strong>neone,</strong></span> <span class='ocrx_word' id='word_1_121' title='bbox 1229 2262 1261 2318; x_wconf 90' lang='lat' dir='ltr'><strong>et</strong></span> <span class='ocrx_word' id='word_1_122' title='bbox 1277 2261 1405 2320; x_wconf 90' lang='lat' dir='ltr'><strong>multum</strong></span> 
     </span>
     <span class='ocr_line' id='line_1_17' title="bbox 250 2365 1404 2461; baseline 0.001 -35"><span class='ocrx_word' id='word_1_123' title='bbox 250 2454 254 2461; x_wconf 22' lang='grc' dir='ltr'>Ι</span> <span class='ocrx_word' id='word_1_124' title='bbox 286 2366 483 2428; x_wconf 87' lang='lat' dir='ltr'><strong>dubitationis</strong></span> <span class='ocrx_word' id='word_1_125' title='bbox 502 2367 681 2444; x_wconf 76' lang='lat' dir='ltr'><strong>relinquitur</strong></span> <span class='ocrx_word' id='word_1_126' title='bbox 698 2384 802 2442; x_wconf 87' lang='lat' dir='ltr'><strong>neque,</strong></span> <span class='ocrx_word' id='word_1_127' title='bbox 821 2365 962 2442; x_wconf 86' lang='lat' dir='ltr'><strong>quoniam</strong></span> <span class='ocrx_word' id='word_1_128' title='bbox 981 2365 1100 2444; x_wconf 86' lang='lat' dir='ltr'><strong>singula</strong></span> <span class='ocrx_word' id='word_1_129' title='bbox 1117 2384 1152 2426; x_wconf 87' lang='lat' dir='ltr'><strong>ac</strong></span> <span class='ocrx_word' id='word_1_130' title='bbox 1165 2384 1314 2442; x_wconf 87' lang='lat' dir='ltr'><strong>perpauca</strong></span> <span class='ocrx_word' id='word_1_131' title='bbox 1328 2371 1404 2442; x_wconf 90' lang='lat' dir='ltr'><strong>sunt,</strong></span> 
     </span>
    </p>
   </div>
   <div class='ocr_carea' id='block_1_6' title="bbox 284 2471 1480 3728">
    <p class='ocr_par' dir='ltr' id='par_1_6' title="bbox 284 2471 1480 3728">
     <span class='ocr_line' id='line_1_18' title="bbox 287 2471 1405 2550; baseline -0.003 -15"><span class='ocrx_word' id='word_1_132' title='bbox 287 2474 417 2535; x_wconf 87' lang='lat' dir='ltr'><strong>multum</strong></span> <span class='ocrx_word' id='word_1_133' title='bbox 449 2475 587 2535; x_wconf 75' lang='lat' dir='ltr'><strong>Interest:</strong></span> <span class='ocrx_word' id='word_1_134' title='bbox 624 2475 732 2550; x_wconf 86' lang='lat' dir='ltr'><strong>egetur</strong></span> <span class='ocrx_word' id='word_1_135' title='bbox 763 2490 840 2530; x_wconf 88' lang='lat' dir='ltr'><strong>nune</strong></span> <span class='ocrx_word' id='word_1_136' title='bbox 872 2471 909 2530; x_wconf 89' lang='lat' dir='ltr'><strong>de</strong></span> <span class='ocrx_word' id='word_1_137' title='bbox 941 2490 1032 2532; x_wconf 86' lang='lat' dir='ltr'><strong>eausa</strong></span> <span class='ocrx_word' id='word_1_138' title='bbox 1062 2472 1182 2532; x_wconf 88' lang='lat' dir='ltr'><strong>maiore.</strong></span> <span class='ocrx_word' id='word_1_139' title='bbox 1238 2472 1405 2549; x_wconf 77' lang='lat' dir='ltr'><strong>Quaeritur,</strong></span> 
     </span>
     <span class='ocr_line' id='line_1_19' title="bbox 286 2572 1405 2659; baseline -0.001 -19"><span class='ocrx_word' id='word_1_140' title='bbox 286 2584 389 2641; x_wconf 90' lang='lat' dir='ltr'><strong>utrum</strong></span> <span class='ocrx_word' id='word_1_141' title='bbox 410 2599 515 2642; x_wconf 82' lang='lat' dir='ltr'><strong>versus</strong></span> <span class='ocrx_word' id='word_1_142' title='bbox 539 2578 665 2640; x_wconf 81' lang='lat' dir='ltr'><strong>00ch</strong></span> <span class='ocrx_word' id='word_1_143' title='bbox 688 2572 748 2659; x_wconf 88' lang='lat' dir='ltr'><strong>(ep.</strong></span> <span class='ocrx_word' id='word_1_144' title='bbox 771 2579 834 2655; x_wconf 88' lang='lat' dir='ltr'><strong>XX,</strong></span> <span class='ocrx_word' id='word_1_145' title='bbox 857 2581 1007 2640; x_wconf 81' lang='lat'>13—248</span> <span class='ocrx_word' id='word_1_146' title='bbox 1032 2584 1063 2641; x_wconf 89' lang='lat' dir='ltr'><strong>et</strong></span> <span class='ocrx_word' id='word_1_147' title='bbox 1086 2600 1131 2657; x_wconf 91' lang='lat' dir='ltr'><strong>ep.</strong></span> <span class='ocrx_word' id='word_1_148' title='bbox 1154 2579 1219 2656; x_wconf 86' lang='lat' dir='ltr'><strong>XV,</strong></span> <span class='ocrx_word' id='word_1_149' title='bbox 1238 2573 1405 2658; x_wconf 80' lang='lat'>39—142)</span> 
     </span>
     <span class='ocr_line' id='line_1_20' title="bbox 285 2686 1402 2764; baseline -0.002 -16"><span class='ocrx_word' id='word_1_150' title='bbox 285 2688 395 2748; x_wconf 80' lang='lat' dir='ltr'><strong>litteris</strong></span> <span class='ocrx_word' id='word_1_151' title='bbox 418 2687 520 2748; x_wconf 88' lang='lat' dir='ltr'><strong>latinis</strong></span> <span class='ocrx_word' id='word_1_152' title='bbox 543 2687 604 2748; x_wconf 85' lang='grc'>01111</span> <span class='ocrx_word' id='word_1_153' title='bbox 627 2686 772 2764; x_wconf 88' lang='lat' dir='ltr'><strong>eripiendi</strong></span> <span class='ocrx_word' id='word_1_154' title='bbox 794 2704 833 2745; x_wconf 89' lang='lat' dir='ltr'><strong>an</strong></span> <span class='ocrx_word' id='word_1_155' title='bbox 855 2705 927 2747; x_wconf 82' lang='lat' dir='ltr'><strong>vero</strong></span> <span class='ocrx_word' id='word_1_156' title='bbox 945 2687 1132 2763; x_wconf 83' lang='lat' dir='ltr'><strong>relinquendi</strong></span> <span class='ocrx_word' id='word_1_157' title='bbox 1149 2689 1199 2749; x_wconf 87' lang='lat' dir='ltr'><strong>vcl</strong></span> <span class='ocrx_word' id='word_1_158' title='bbox 1217 2687 1402 2748; x_wconf 85' lang='lat' dir='ltr'><strong>restituendi.</strong></span> 
     </span>
     <span class='ocr_line' id='line_1_21' title="bbox 284 2793 1406 2872; baseline -0.002 -18"><span class='ocrx_word' id='word_1_159' title='bbox 284 2796 326 2854; x_wconf 80' lang='lat' dir='ltr'><strong>ut</strong></span> <span class='ocrx_word' id='word_1_160' title='bbox 358 2795 505 2872; x_wconf 87' lang='lat' dir='ltr'><strong>siquidem</strong></span> <span class='ocrx_word' id='word_1_161' title='bbox 536 2793 659 2871; x_wconf 81' lang='lat' dir='ltr'><strong>respicis</strong></span> <span class='ocrx_word' id='word_1_162' title='bbox 693 2812 757 2869; x_wconf 93' lang='lat' dir='ltr'><strong>eos,</strong></span> <span class='ocrx_word' id='word_1_163' title='bbox 790 2793 841 2869; x_wconf 92' lang='lat' dir='ltr'><strong>qni</strong></span> <span class='ocrx_word' id='word_1_164' title='bbox 872 2794 909 2853; x_wconf 90' lang='lat' dir='ltr'><strong>de</strong></span> <span class='ocrx_word' id='word_1_165' title='bbox 942 2793 996 2853; x_wconf 87' lang='lat' dir='ltr'><strong>hae</strong></span> <span class='ocrx_word' id='word_1_166' title='bbox 1024 2795 1199 2870; x_wconf 80' lang='lat' dir='ltr'><strong>quaestione</strong></span> <span class='ocrx_word' id='word_1_167' title='bbox 1230 2813 1308 2854; x_wconf 89' lang='lat' dir='ltr'><strong>nunc</strong></span> <span class='ocrx_word' id='word_1_168' title='bbox 1335 2793 1406 2854; x_wconf 86' lang='lat' dir='ltr'><strong>data</strong></span> 
     </span>
     <span class='ocr_line' id='line_1_22' title="bbox 286 2899 1406 2978; baseline -0.001 -18"><span class='ocrx_word' id='word_1_169' title='bbox 286 2921 377 2978; x_wconf 82' lang='lat' dir='ltr'><strong>opera</strong></span> <span class='ocrx_word' id='word_1_170' title='bbox 404 2905 448 2977; x_wconf 88' lang='lat' dir='ltr'><strong>et,</strong></span> <span class='ocrx_word' id='word_1_171' title='bbox 477 2903 512 2960; x_wconf 92' lang='lat' dir='ltr'><strong>ut</strong></span> <span class='ocrx_word' id='word_1_172' title='bbox 539 2899 658 2959; x_wconf 84' lang='lat' dir='ltr'><strong>credere</strong></span> <span class='ocrx_word' id='word_1_173' title='bbox 686 2918 742 2976; x_wconf 85' lang='lat' dir='ltr'><strong>par</strong></span> <span class='ocrx_word' id='word_1_174' title='bbox 768 2902 828 2975; x_wconf 90' lang='lat' dir='ltr'><strong>est,</strong></span> <span class='ocrx_word' id='word_1_175' title='bbox 861 2919 893 2958; x_wconf 93' lang='lat' dir='ltr'><strong>re</strong></span> <span class='ocrx_word' id='word_1_176' title='bbox 925 2900 1092 2976; x_wconf 89' lang='lat' dir='ltr'><strong>perquisita</strong></span> <span class='ocrx_word' id='word_1_177' title='bbox 1123 2901 1269 2978; x_wconf 85' lang='lat' dir='ltr'><strong>iudicant,</strong></span> <span class='ocrx_word' id='word_1_178' title='bbox 1300 2902 1350 2962; x_wconf 82' lang='lat' dir='ltr'><strong>vel</strong></span> <span class='ocrx_word' id='word_1_179' title='bbox 1381 2901 1406 2960; x_wconf 93' lang='lat' dir='ltr'><strong>si</strong></span> 
     </span>
     <span class='ocr_line' id='line_1_23' title="bbox 285 3005 1405 3084; baseline -0.002 -18"><span class='ocrx_word' id='word_1_180' title='bbox 285 3009 311 3066; x_wconf 91' lang='grc'><strong>10</strong></span> <span class='ocrx_word' id='word_1_181' title='bbox 342 3027 386 3083; x_wconf 88' lang='grc'><strong>00,</strong></span> <span class='ocrx_word' id='word_1_182' title='bbox 423 3007 471 3066; x_wconf 91' lang='lat' dir='ltr'><strong>cui</strong></span> <span class='ocrx_word' id='word_1_183' title='bbox 502 3007 636 3082; x_wconf 88' lang='lat' dir='ltr'><strong>imponat</strong></span> <span class='ocrx_word' id='word_1_184' title='bbox 672 3006 835 3066; x_wconf 86' lang='lat' dir='ltr'><strong>auotoritas</strong></span> <span class='ocrx_word' id='word_1_185' title='bbox 868 3005 1000 3066; x_wconf 89' lang='lat' dir='ltr'><strong>virorum</strong></span> <span class='ocrx_word' id='word_1_186' title='bbox 1036 3007 1188 3084; x_wconf 85' lang='lat' dir='ltr'><strong>gravium,</strong></span> <span class='ocrx_word' id='word_1_187' title='bbox 1221 3007 1405 3067; x_wconf 87' lang='lat' dir='ltr'><strong>Lachmanni</strong></span> 
     </span>
     <span class='ocr_line' id='line_1_24' title="bbox 287 3112 1436 3189; baseline -0.001 -15"><span class='ocrx_word' id='word_1_188' title='bbox 287 3115 353 3174; x_wconf 86' lang='lat' dir='ltr'><strong>dico</strong></span> <span class='ocrx_word' id='word_1_189' title='bbox 377 3117 408 3173; x_wconf 88' lang='lat' dir='ltr'><strong>et</strong></span> <span class='ocrx_word' id='word_1_190' title='bbox 426 3113 563 3188; x_wconf 84' lang='lat' dir='ltr'><strong>Merkeli,</strong></span> <span class='ocrx_word' id='word_1_191' title='bbox 585 3113 674 3172; x_wconf 82' lang='lat' dir='ltr'><strong>facile</strong></span> <span class='ocrx_word' id='word_1_192' title='bbox 697 3112 805 3173; x_wconf 92' lang='lat' dir='ltr'><strong>horum</strong></span> <span class='ocrx_word' id='word_1_193' title='bbox 827 3132 968 3174; x_wconf 88' lang='lat' dir='ltr'><strong>versuum</strong></span> <span class='ocrx_word' id='word_1_194' title='bbox 991 3113 1140 3189; x_wconf 85' lang='lat' dir='ltr'><strong>perditum</strong></span> <span class='ocrx_word' id='word_1_195' title='bbox 1163 3114 1254 3175; x_wconf 86' lang='lat' dir='ltr'><strong>ducas</strong></span> <span class='ocrx_word' id='word_1_196' title='bbox 1277 3133 1405 3175; x_wconf 87' lang='lat' dir='ltr'><strong>causam.</strong></span> <span class='ocrx_word' id='word_1_197' title='bbox 1433 3179 1436 3185; x_wconf 60' lang='grc'>,</span> 
     </span>
     <span class='ocr_line' id='line_1_25' title="bbox 285 3221 1406 3298; baseline -0.003 -16"><span class='ocrx_word' id='word_1_198' title='bbox 285 3223 406 3282; x_wconf 83' lang='lat' dir='ltr'><strong>Etenim</strong></span> <span class='ocrx_word' id='word_1_199' title='bbox 426 3222 477 3282; x_wconf 90' lang='grc'>1110</span> <span class='ocrx_word' id='word_1_200' title='bbox 496 3222 629 3298; x_wconf 84' lang='lat' dir='ltr'><strong>ineptam</strong></span> <span class='ocrx_word' id='word_1_201' title='bbox 648 3222 890 3298; x_wconf 82' lang='lat' dir='ltr'><strong>superstitionem</strong></span> <span class='ocrx_word' id='word_1_202' title='bbox 908 3224 997 3282; x_wconf 87' lang='lat' dir='ltr'><strong>vocat</strong></span> <span class='ocrx_word' id='word_1_203' title='bbox 1016 3225 1047 3283; x_wconf 90' lang='lat' dir='ltr'><strong>et</strong></span> <span class='ocrx_word' id='word_1_204' title='bbox 1064 3222 1304 3297; x_wconf 83' lang='lat' dir='ltr'><strong>inexcusabilem,</strong></span> <span class='ocrx_word' id='word_1_205' title='bbox 1328 3221 1406 3297; x_wconf 87' lang='lat' dir='ltr'><strong>quod</strong></span> 
     </span>
     <span class='ocr_line' id='line_1_26' title="bbox 286 3327 1406 3405; baseline -0.003 -16"><span class='ocrx_word' id='word_1_206' title='bbox 286 3350 337 3392; x_wconf 88' lang='lat' dir='ltr'><strong>eos</strong></span> <span class='ocrx_word' id='word_1_207' title='bbox 361 3349 466 3391; x_wconf 87' lang='lat' dir='ltr'><strong>versus</strong></span> <span class='ocrx_word' id='word_1_208' title='bbox 490 3329 595 3389; x_wconf 90' lang='lat' dir='ltr'><strong>eiicere</strong></span> <span class='ocrx_word' id='word_1_209' title='bbox 618 3327 716 3388; x_wconf 85' lang='lat' dir='ltr'><strong>nolint</strong></span> <span class='ocrx_word' id='word_1_210' title='bbox 739 3328 876 3404; x_wconf 88' lang='lat' dir='ltr'><strong>editores,</strong></span> <span class='ocrx_word' id='word_1_211' title='bbox 899 3328 947 3388; x_wconf 89' lang='lat' dir='ltr'><strong>hio</strong></span> <span class='ocrx_word' id='word_1_212' title='bbox 970 3329 1038 3389; x_wconf 90' lang='lat' dir='ltr'><strong>illos</strong></span> <span class='ocrx_word' id='word_1_213' title='bbox 1059 3330 1173 3405; x_wconf 91' lang='lat' dir='ltr'><strong>primus</strong></span> <span class='ocrx_word' id='word_1_214' title='bbox 1195 3349 1233 3389; x_wconf 90' lang='lat' dir='ltr'><strong>ne</strong></span> <span class='ocrx_word' id='word_1_215' title='bbox 1256 3328 1406 3388; x_wconf 83' lang='lat' dir='ltr'><strong>inclinatis</strong></span> 
     </span>
     <span class='ocr_line' id='line_1_27' title="bbox 285 3434 1480 3515; baseline -0.003 -19"><span class='ocrx_word' id='word_1_216' title='bbox 285 3437 405 3515; x_wconf 74' lang='lat' dir='ltr'><strong>qrn&#39;rlem</strong></span> <span class='ocrx_word' id='word_1_217' title='bbox 427 3436 538 3497; x_wconf 86' lang='lat' dir='ltr'><strong>litteris</strong></span> <span class='ocrx_word' id='word_1_218' title='bbox 562 3436 593 3494; x_wconf 91' lang='lat' dir='ltr'><strong>in</strong></span> <span class='ocrx_word' id='word_1_219' title='bbox 617 3435 748 3495; x_wconf 87' lang='lat' dir='ltr'><strong>editione</strong></span> <span class='ocrx_word' id='word_1_220' title='bbox 772 3454 827 3495; x_wconf 89' lang='lat' dir='ltr'><strong>sua</strong></span> <span class='ocrx_word' id='word_1_221' title='bbox 849 3436 993 3512; x_wconf 85' lang='lat' dir='ltr'><strong>praebere</strong></span> <span class='ocrx_word' id='word_1_222' title='bbox 1015 3436 1124 3512; x_wconf 90' lang='lat' dir='ltr'><strong>voluit,</strong></span> <span class='ocrx_word' id='word_1_223' title='bbox 1152 3455 1210 3513; x_wconf 93' lang='lat' dir='ltr'><strong>quo</strong></span> <span class='ocrx_word' id='word_1_224' title='bbox 1234 3434 1353 3512; x_wconf 87' lang='lat' dir='ltr'><strong>quidem</strong></span> <span class='ocrx_word' id='word_1_225' title='bbox 1375 3435 1406 3492; x_wconf 93' lang='lat' dir='ltr'><strong>in</strong></span> <span class='ocrx_word' id='word_1_226' title='bbox 1470 3501 1480 3511; x_wconf 44' lang='grc'>,</span> 
     </span>
     <span class='ocr_line' id='line_1_28' title="bbox 284 3541 1406 3618; baseline -0.003 -15"><span class='ocrx_word' id='word_1_227' title='bbox 284 3545 396 3606; x_wconf 92' lang='lat' dir='ltr'><strong>honore</strong></span> <span class='ocrx_word' id='word_1_228' title='bbox 425 3543 532 3602; x_wconf 87' lang='lat' dir='ltr'><strong>habuit</strong></span> <span class='ocrx_word' id='word_1_229' title='bbox 559 3541 697 3617; x_wconf 83' lang='lat' dir='ltr'><strong>Sapphus</strong></span> <span class='ocrx_word' id='word_1_230' title='bbox 725 3541 893 3618; x_wconf 86' lang='lat' dir='ltr'><strong>epistulam.</strong></span> <span class='ocrx_word' id='word_1_231' title='bbox 945 3541 1096 3601; x_wconf 84' lang='lat' dir='ltr'><strong>Conflatos</strong></span> <span class='ocrx_word' id='word_1_232' title='bbox 1123 3545 1225 3601; x_wconf 90' lang='lat' dir='ltr'><strong>autem</strong></span> <span class='ocrx_word' id='word_1_233' title='bbox 1258 3561 1310 3602; x_wconf 88' lang='lat' dir='ltr'><strong>eos</strong></span> <span class='ocrx_word' id='word_1_234' title='bbox 1341 3561 1406 3601; x_wconf 89' lang='lat' dir='ltr'><strong>esse</strong></span> 
     </span>
     <span class='ocr_line' id='line_1_29' title="bbox 285 3647 1405 3728; baseline -0.003 -18"><span class='ocrx_word' id='word_1_235' title='bbox 285 3654 395 3728; x_wconf 89' lang='lat' dir='ltr'><strong>putant</strong></span> <span class='ocrx_word' id='word_1_236' title='bbox 417 3651 563 3709; x_wconf 88' lang='lat' dir='ltr'><strong>Italorum</strong></span> <span class='ocrx_word' id='word_1_237' title='bbox 585 3648 692 3708; x_wconf 82' lang='lat' dir='ltr'><strong>fraude</strong></span> <span class='ocrx_word' id='word_1_238' title='bbox 715 3647 771 3707; x_wconf 87' lang='lat' dir='ltr'><strong>XV</strong></span> <span class='ocrx_word' id='word_1_239' title='bbox 794 3649 914 3708; x_wconf 90' lang='lat' dir='ltr'><strong>demum</strong></span> <span class='ocrx_word' id='word_1_240' title='bbox 938 3649 1068 3725; x_wconf 83' lang='lat' dir='ltr'><strong>saeculo,</strong></span> <span class='ocrx_word' id='word_1_241' title='bbox 1092 3649 1175 3710; x_wconf 87' lang='lat' dir='ltr'><strong>cuius</strong></span> <span class='ocrx_word' id='word_1_242' title='bbox 1198 3648 1317 3726; x_wconf 85' lang='lat' dir='ltr'><strong>quidem</strong></span> <span class='ocrx_word' id='word_1_243' title='bbox 1341 3667 1405 3708; x_wconf 90' lang='lat' dir='ltr'><strong>sen·</strong></span> 
     </span>
    </p>
   </div>
   <div class='ocr_carea' id='block_1_7' title="bbox 284 3871 1434 4387">
    <p class='ocr_par' dir='ltr' id='par_1_7' title="bbox 284 3871 1434 4387">
     <span class='ocr_line' id='line_1_30' title="bbox 358 3871 1405 3943; baseline -0.001 -16"><span class='ocrx_word' id='word_1_244' title='bbox 358 3876 384 3943; x_wconf 90' lang='lat'><strong>1)</strong></span> <span class='ocrx_word' id='word_1_245' title='bbox 408 3873 471 3928; x_wconf 90' lang='lat' dir='ltr'><strong>Hoc</strong></span> <span class='ocrx_word' id='word_1_246' title='bbox 497 3872 610 3943; x_wconf 86' lang='lat' dir='ltr'><strong>quidem</strong></span> <span class='ocrx_word' id='word_1_247' title='bbox 634 3871 823 3942; x_wconf 76' lang='lat' dir='ltr'><strong>fragmentum</strong></span> <span class='ocrx_word' id='word_1_248' title='bbox 846 3890 919 3928; x_wconf 87' lang='lat' dir='ltr'><strong>nuno</strong></span> <span class='ocrx_word' id='word_1_249' title='bbox 945 3872 1135 3943; x_wconf 88' lang='lat' dir='ltr'><strong>deperditum,</strong></span> <span class='ocrx_word' id='word_1_250' title='bbox 1163 3873 1239 3943; x_wconf 90' lang='lat' dir='ltr'><strong>quod</strong></span> <span class='ocrx_word' id='word_1_251' title='bbox 1262 3873 1310 3928; x_wconf 88' lang='lat' dir='ltr'><strong>nbi</strong></span> <span class='ocrx_word' id='word_1_252' title='bbox 1338 3872 1405 3927; x_wconf 91' lang='lat' dir='ltr'><strong>olim</strong></span> 
     </span>
     <span class='ocr_line' id='line_1_31' title="bbox 284 3959 1404 4034; baseline 0 -18"><span class='ocrx_word' id='word_1_253' title='bbox 284 3961 382 4032; x_wconf 82' lang='lat' dir='ltr'><strong>luerit,</strong></span> <span class='ocrx_word' id='word_1_254' title='bbox 406 3978 441 4015; x_wconf 89' lang='lat' dir='ltr'><strong>ne</strong></span> <span class='ocrx_word' id='word_1_255' title='bbox 461 3959 592 4016; x_wconf 88' lang='lat' dir='ltr'><strong>concludi</strong></span> <span class='ocrx_word' id='word_1_256' title='bbox 610 3959 723 4030; x_wconf 85' lang='lat' dir='ltr'><strong>quidem</strong></span> <span class='ocrx_word' id='word_1_257' title='bbox 741 3961 809 4016; x_wconf 88' lang='grc'>11001</span> <span class='ocrx_word' id='word_1_258' title='bbox 828 3978 842 4016; x_wconf 90' lang='grc'><strong>0</strong></span> <span class='ocrx_word' id='word_1_259' title='bbox 860 3960 945 4016; x_wconf 87' lang='lat' dir='ltr'><strong>Jahni</strong></span> <span class='ocrx_word' id='word_1_260' title='bbox 964 3962 1057 4018; x_wconf 87' lang='lat' dir='ltr'><strong>verbis</strong></span> <span class='ocrx_word' id='word_1_261' title='bbox 1077 3961 1155 4032; x_wconf 83' lang='grc'>(0111.</span> <span class='ocrx_word' id='word_1_262' title='bbox 1174 3962 1195 4028; x_wconf 95' lang='lat' dir='ltr'><strong>I,</strong></span> <span class='ocrx_word' id='word_1_263' title='bbox 1214 3979 1241 4030; x_wconf 89' lang='lat' dir='ltr'><strong>p.</strong></span> <span class='ocrx_word' id='word_1_264' title='bbox 1261 3962 1325 4034; x_wconf 86' lang='grc'>111),</span> <span class='ocrx_word' id='word_1_265' title='bbox 1347 3963 1404 4016; x_wconf 86' lang='lat' dir='ltr'><strong>tale</strong></span> 
     </span>
     <span class='ocr_line' id='line_1_32' title="bbox 285 4041 1403 4120; baseline -0.002 -14"><span class='ocrx_word' id='word_1_266' title='bbox 285 4051 370 4106; x_wconf 85' lang='lat' dir='ltr'><strong>fuisse</strong></span> <span class='ocrx_word' id='word_1_267' title='bbox 384 4049 619 4120; x_wconf 79' lang='lat' dir='ltr'><strong>complementum</strong></span> <span class='ocrx_word' id='word_1_268' title='bbox 634 4041 809 4120; x_wconf 80' lang='lat' dir='ltr'><strong>inde&#39;colligi</strong></span> <span class='ocrx_word' id='word_1_269' title='bbox 818 4052 922 4120; x_wconf 84' lang='lat' dir='ltr'><strong>potest,</strong></span> <span class='ocrx_word' id='word_1_270' title='bbox 937 4050 1013 4120; x_wconf 87' lang='lat' dir='ltr'><strong>quod</strong></span> <span class='ocrx_word' id='word_1_271' title='bbox 1023 4052 1054 4104; x_wconf 89' lang='grc'><strong>01</strong></span> <span class='ocrx_word' id='word_1_272' title='bbox 1064 4049 1251 4105; x_wconf 72' lang='lat' dir='ltr'><strong>dunstanum</strong></span> <span class='ocrx_word' id='word_1_273' title='bbox 1261 4049 1403 4120; x_wconf 82' lang='lat' dir='ltr'><strong>epistulas,</strong></span> 
     </span>
     <span class='ocr_line' id='line_1_33' title="bbox 285 4137 1434 4210; baseline -0.002 -16"><span class='ocrx_word' id='word_1_274' title='bbox 285 4139 351 4194; x_wconf 87' lang='lat' dir='ltr'>VIII</span> <span class='ocrx_word' id='word_1_275' title='bbox 374 4142 403 4196; x_wconf 91' lang='grc'><strong>01</strong></span> <span class='ocrx_word' id='word_1_276' title='bbox 426 4139 568 4210; x_wconf 84' lang='lat' dir='ltr'><strong>Sapphus,</strong></span> <span class='ocrx_word' id='word_1_277' title='bbox 592 4139 769 4209; x_wconf 86' lang='lat' dir='ltr'><strong>complexum</strong></span> <span class='ocrx_word' id='word_1_278' title='bbox 792 4141 849 4209; x_wconf 87' lang='grc'>001,</span> <span class='ocrx_word' id='word_1_279' title='bbox 873 4141 902 4194; x_wconf 87' lang='grc'><strong>01</strong></span> <span class='ocrx_word' id='word_1_280' title='bbox 924 4139 996 4193; x_wconf 90' lang='lat' dir='ltr'><strong>nihil</strong></span> <span class='ocrx_word' id='word_1_281' title='bbox 1018 4139 1076 4194; x_wconf 86' lang='lat' dir='ltr'><strong>fere</strong></span> <span class='ocrx_word' id='word_1_282' title='bbox 1100 4137 1239 4208; x_wconf 84' lang='lat' dir='ltr'><strong>scriptura</strong></span> <span class='ocrx_word' id='word_1_283' title='bbox 1257 4139 1351 4194; x_wconf 87' lang='lat' dir='ltr'><strong>differt</strong></span> <span class='ocrx_word' id='word_1_284' title='bbox 1369 4140 1404 4193; x_wconf 88' lang='lat' dir='ltr'><strong>ab</strong></span> <span class='ocrx_word' id='word_1_285' title='bbox 1428 4175 1434 4192; x_wconf 78' lang='grc'>,</span> 
     </span>
     <span class='ocr_line' id='line_1_34' title="bbox 285 4226 1405 4299; baseline -0.004 -15"><span class='ocrx_word' id='word_1_286' title='bbox 285 4228 353 4298; x_wconf 76' lang='lat' dir='ltr'><strong>ipsis</strong></span> <span class='ocrx_word' id='word_1_287' title='bbox 374 4227 472 4299; x_wconf 86' lang='lat' dir='ltr'><strong>primis</strong></span> <span class='ocrx_word' id='word_1_288' title='bbox 493 4228 664 4284; x_wconf 85' lang='lat' dir='ltr'><strong>editionibus</strong></span> <span class='ocrx_word' id='word_1_289' title='bbox 682 4230 795 4298; x_wconf 80' lang='lat' dir='ltr'><strong>praeter</strong></span> <span class='ocrx_word' id='word_1_290' title='bbox 813 4228 992 4290; x_wconf 78' lang='lat' dir='ltr'><strong>coniecturas</strong></span> <span class='ocrx_word' id='word_1_291' title='bbox 1009 4228 1079 4283; x_wconf 81' lang='lat' dir='ltr'><strong>viles</strong></span> <span class='ocrx_word' id='word_1_292' title='bbox 1104 4228 1242 4298; x_wconf 84' lang='lat' dir='ltr'><strong>pluraque</strong></span> <span class='ocrx_word' id='word_1_293' title='bbox 1265 4226 1405 4282; x_wconf 84' lang='lat' dir='ltr'><strong>scribendi</strong></span> 
     </span>
     <span class='ocr_line' id='line_1_35' title="bbox 284 4315 1078 4387; baseline 0.001 -16"><span class='ocrx_word' id='word_1_294' title='bbox 284 4317 363 4371; x_wconf 81' lang='lat' dir='ltr'><strong>vitia.</strong></span> <span class='ocrx_word' id='word_1_295' title='bbox 385 4349 416 4358; x_wconf 85' lang='lat'>-</span> <span class='ocrx_word' id='word_1_296' title='bbox 436 4315 478 4372; x_wconf 90' lang='lat' dir='ltr'><strong>De</strong></span> <span class='ocrx_word' id='word_1_297' title='bbox 496 4316 654 4387; x_wconf 87' lang='lat' dir='ltr'><strong>fragmento</strong></span> <span class='ocrx_word' id='word_1_298' title='bbox 673 4315 802 4372; x_wconf 87' lang='lat' dir='ltr'><strong>Paullino</strong></span> <span class='ocrx_word' id='word_1_299' title='bbox 821 4316 894 4371; x_wconf 79' lang='lat' dir='ltr'><strong>infra</strong></span> <span class='ocrx_word' id='word_1_300' title='bbox 912 4315 1078 4372; x_wconf 85' lang='lat' dir='ltr'><strong>videbimus.</strong></span> 
     </span>
    </p>
   </div>
   <div class='ocr_carea' id='block_1_8' title="bbox 0 0 1608 4928">
    <p class='ocr_par' dir='ltr' id='par_1_8' title="bbox 0 0 1608 4928">
     <span class='ocr_line' id='line_1_36' title="bbox 0 0 1608 4928; baseline 0 0"><span class='ocrx_word' id='word_1_301' title='bbox 0 0 1608 4928; x_wconf 95' lang='lat' dir='ltr'><strong> </strong></span> 
     </span>
    </p>
   </div>
  </div>
 </body>
</html>
