3206 4928
282 573 361 634 Nam
383 575 512 651 primum
535 562 655 651 quidem
678 574 787 633 mirum
810 578 864 649 est,
888 575 966 650 quod
987 593 1091 658 pmnes
1109 575 1241 635 Helenae
1264 595 1314 636 co·

193 684 302 758 gnatos
324 684 402 755 tum,
431 681 588 758 cumipse
611 684 701 758 rapta
725 683 765 741 sit
787 701 805 740 a
827 682 949 759 Paride,
976 682 1009 741 in
1034 681 1163 743 Menelai
1190 683 1315 742 aedibus

194 787 325 846 adfuisse
347 788 482 865 fingitur3
508 789 600 847 etiam
622 788 764 846 maiorem
788 788 881 848 habet
904 788 1113 865 suspicionem,
1135 790 1224 868 011011,-
1246 811 1314 850 cum

193 897 361 954 ceterorum
383 895 505 955 nomina
528 895 719 971 reticeantur,
742 895 809 971 ipsa
825 895 956 979 Phoebe
970 914 1054 955 soror
1076 895 1118 954 ibi
1136 915 1313 956 commemo-

192 993 324 1082 ratur¹);
353 1000 425 1077 quid
446 1021 518 1062 vero
547 1001 691 1077 puerilius
720 1001 884 1078 excogitari
909 1004 1023 1078 potest,
1052 1021 1141 1079 quam
1169 1002 1314 1090 semideos

193 1107 344 1167 dioscoros
372 1107 511 1168 flevisse?
543 1109 634 1183 plane
662 1107 859 1168 intolerabilis
887 1112 988 1168 autem
1015 1111 1081 1168 tota
1108 1109 1143 1168 fit
1166 1109 1314 1169 sententia

193 1214 294 1273 addito
319 1214 445 1274 disticho
472 1218 522 1291 79,
545 1217 597 1275 80.
644 1213 722 1284 Quid
746 1214 846 1275 enim?
869 1214 916 1274 his
939 1214 1012 1291 ipsis
1035 1215 1135 1274 verbis
1158 1209 1233 1274 ‘sine
1256 1236 1313 1291 me,

194 1321 298 1394 mater,
322 1314 408 1397 abis',
431 1320 626 1397 quodcunque
650 1320 686 1380 de
709 1323 793 1381 luctu
816 1321 869 1380 1110
891 1326 1041 1398 narratur,
1064 1340 1161 1380 nonne
1184 1323 1216 1381 in
1238 1322 1314 1382 illud

193 1427 292 1502 ipsum
314 1428 459 1508 temporis
482 1428 666 1488 momentum
690 1426 840 1504 differtur,
868 1445 935 1486 cum
958 1417 1074 1488 Helena
1097 1432 1178 1489 esset
1199 1431 1313 1505 profec-

192 1533 282 1592 tura?
306 1552 383 1609 quae
401 1534 521 1610 quidem
540 1533 753 1593 absurdissima
772 1538 851 1593 esset
869 1533 1019 1610 cogitatio.
1038 1565 1076 1575 -
1093 1535 1216 1594 Accedit
1235 1536 1313 1612 quod

192 1639 266 1697 haec
284 1642 351 1698 tota
369 1641 406 1700 dc
420 1640 600 1699 Hermionae
618 1640 701 1699 luctu
719 1641 852 1700 namatio
866 1660 926 1700 non
940 1639 1068 1699 concinit
1081 1660 1148 1699 cum
1162 1663 1189 1703 v⁴
1206 1646 1245 1702 91
1263 1662 1314 1719 sq.,

192 1746 245 1804 ubi
270 1765 301 1805 se
324 1766 361 1805 ne
385 1747 557 1824 cognovisse
581 1747 701 1822 quidem
724 1750 852 1806 matrem
875 1747 947 1806 dicit
970 1748 1031 1809 illa.
1095 1809 1114 1826 „

283 1853 338 1912 His
366 1853 485 1929 quidem
514 1853 587 1913 satis
615 1853 691 1943 effici
719 1857 792 1930 puto
821 1853 962 1914 delendos
990 1874 1055 1914 esse
1078 1859 1220 1931 quattuor
1243 1855 1311 1916 illos

194 1978 305 2020 versus
338 1959 437 2036 Atque
456 1961 505 2021 vix
520 1959 625 2037 urgeri
643 1977 763 2020 necesse
787 1963 833 2020 est
855 1979 920 2020 eam
945 1951 1017 2038 rem,
1041 1961 1119 2038 quod
1142 1982 1179 2021 ne
1203 1982 1312 2023 sermo-

192 2085 260 2124 nem
284 2067 403 2142 quidem
428 2065 534 2127 Ouidio
562 2067 685 2144 dignum
713 2085 777 2126 esse
805 2071 958 2143 appareat.
1003 2069 1081 2127 Nam
1109 2072 1139 2127 et
1167 2069 1198 2126 in
1224 2089 1313 2130 versu

344 2174 415 2250 Ipsa
438 2193 494 2251 ego
516 2192 577 2233 non
598 2175 705 2250 longos
728 2174 820 2233 etiam
842 2177 908 2240 tum
931 2175 1023 2234 scissa
1045 2175 1168 2252 capillos

194 2273 312 2356 ‘parum
326 2273 492 2357 eleganter'
508 2273 566 2362 (ita
579 2273 694 2358 Loers.)
710 2279 824 2340 dictum
843 2285 889 2340 est
907 2275 979 2340 ‘non
996 2283 1101 2358 longos
1120 2277 1264 2360 capillos',
1283 2287 1314 2343 et

193 2387 341 2462 particula
369 2381 474 2446 ‘etiam
500 2380 577 2445 tum'
605 2387 667 2463 vel,
700 2406 791 2465 quam
820 2387 978 2464 praeponit
1010 2387 1163 2465 Heinsius,
1196 2384 1312 2448 ‘etiam-

193 2487 285 2571 num',
304 2497 368 2552 tam
381 2493 487 2570 inepte
506 2493 634 2570 additur,
648 2497 683 2552 ut
702 2495 737 2553 de
756 2496 926 2570 corruptela
944 2495 1136 2572 cogitandum
1154 2500 1242 2572 essct,
1256 2495 1314 2554 nisi

192 2600 259 2660 aliis
277 2601 421 2677 gravibus
440 2600 476 2660 dc
494 2601 593 2660 causis
610 2619 715 2661 versus
735 2600 910 2661 subditicius
929 2605 1165 2679 cognosceretur.
1207 2601 1313 2663 Ouidio

193 2706 287 2782 igitur
309 2705 469 2766 tribuenda
491 2726 551 2766 11011
575 2725 640 2766 esse
663 2705 803 2766 videntur
826 2706 884 2767 duo
907 2707 960 2766 illa
983 2707 1131 2786 disticha‚·
1147 2709 1199 2768 sed
1221 2711 1312 2768 inter·-

193 2813 322 2888 polatori
345 2813 447 2887 alicui,
469 2813 521 2889 qui
543 2813 693 2890 proximos
715 2831 821 2873 versus
846 2815 896 2889 75,
921 2816 961 2874 76
985 2815 1108 2890 paulum
1130 2815 1313 2891 amplificare

192 2921 296 2980 voluit.
317 2951 355 2960 -
374 2919 530 2978 Palmerns
553 2920 609 2979 hoc
632 2939 750 3000 quoqne
774 2920 922 2981 distichon
946 2923 997 2997 75,
1018 2923 1058 2982 76
1082 2922 1312 3000 circumscripsit

193 3027 320 3085 maxime
347 3027 431 3085 nisus
459 3027 524 3086 loco
550 3027 702 3086 simillimo
726 3027 779 3101 IV,
803 3047 848 3104 ep.
870 3047 898 3088 v.
923 3029 1063 3088 53—62.
1108 3029 1207 3105 Atque
1231 3033 1312 3088 certe

193 3151 359 3203 sermonem
381 3151 488 3208 parum
516 3132 654 3192 accedere
683 3133 721 3202 ad
744 3132 920 3194 Ouidianam
949 3135 1129 3210 elegantiam
1155 3135 1312 3196 dicendum

127 3249 130 3255 '
193 3243 252 3316 est,
278 3239 455 3316 praesertim
483 3258 551 3298 cum
579 3239 655 3300 exile
682 3239 757 3299 illud
784 3241 977 3301 connectendi
1000 3241 1195 3318 cogitationes
1218 3243 1310 3302 artifi-

193 3347 270 3406 cium
293 3346 349 3405 1100
371 3347 435 3423 ipso
461 3347 526 3406 loco
550 3350 694 3422 appareat
718 3341 876 3427 (memini
894 3379 931 3388 —
949 3341 1107 3424 ‘memini'3
1131 3342 1253 3407 ‘omnia'
1270 3379 1308 3390 -

192 3446 338 3533 ‘omnia')‚
357 3453 435 3530 quod
454 3453 574 3529 quidem
594 3453 712 3530 saepius
730 3453 763 3512 in
780 3454 854 3514 locis
869 3453 988 3515 omnino
1003 3455 1163 3531 suspicioni
1178 3455 1311 3516 obnoxiis

192 3559 446 3636 deprehendimus.
475 3559 635 3620 Sedtamen
652 3561 744 3621 filiam
762 3562 867 3621 matris
886 3581 1048 3622 memorem
1063 3563 1184 3639 rapinae
1197 3543 1311 3622 ¹diutius

191 3667 223 3725 in
246 3665 440 3726 describenda
462 3667 515 3726 illa
537 3688 570 3727 re
593 3669 747 3728 immorari
769 3689 829 3729 non
851 3669 895 3729 ita
917 3669 1017 3753 inepte
1035 3669 1159 3746 fingitur
1176 3687 1195 3726 a
1212 3673 1311 3744 poeta.

195 3769 245 3854 (cf.
270 3792 315 3849 ep.
339 3772 363 3849 Ι,
390 3775 452 3834 105
477 3793 520 3850 sq.
543 3775 595 3834 ubi
618 3774 655 3834 dc
677 3776 738 3834 filio
762 3776 880 3852 longius
898 3775 971 3834 item
989 3775 1123 3852 loquitur
1141 3769 1314 3858 Penelope.)

280 3879 359 3939 Illud
385 3899 458 3942 vero
486 3881 673 3940 enuntiatum
702 3877 783 3942 ‘nam
810 3882 938 3942 coniunx
965 3875 1091 3960 aberat',
1125 3883 1184 3941 etsi
1211 3883 1312 3959 aliquo

192 3985 279 4047 modo
303 3987 454 4046 offendere
478 3989 592 4064 potest,
616 3987 694 4063 quod
708 3987 894 4048 insolentius
918 3989 961 4049 ita
984 3988 1021 4048 dc
1048 3992 1135 4064 patre
1161 3989 1312 4049 dicitura

267 4231 291 4296 1)
312 4225 429 4284 Ovidius
456 4243 511 4286 11110
533 4229 644 4298 tantum
667 4225 731 4286 loco
755 4219 1311 4306 1010101001111011101011001001111111,

191 4333 215 4372 a.
235 4331 259 4372 a.
280 4316 327 4386 111,
349 4323 388 4371 11.
