3206 4928
675 329 894 393 ..39-

309 512 537 588 Interpolutoris
566 514 668 572 autem
695 515 765 574 sunt
787 512 825 590 V,
846 515 909 574 140
924 531 981 590 sq,
1009 512 1061 588 qui
1086 530 1191 574 versus
1214 513 1281 572 inde
1305 511 1343 571 ab

199 665 202 672 .
220 620 344 679 Heinsio
368 611 548 700 delenturl).

307 742 457 802 Versuum
476 745 609 820 ipsorum
628 743 728 820 dictio,
746 747 957 822 praeterquam
976 742 1056 820 quod
1069 765 1097 804 v.
1114 745 1177 804 140
1191 744 1343 820 profectus

220 868 285 910 esse
313 850 432 910 videtur
460 870 497 910 ex
524 871 569 928 ep.
588 851 641 928 IV,
662 855 739 928 1003
770 853 830 910 141
852 870 908 928 sq.,
932 871 967 910 ex
990 850 1187 927 complurium
1210 851 1343 912 loeorum

218 954 363 1017 memoria
390 959 482 1050 velut
502 977 545 1034 ep.
565 958 617 1030 XI,
637 962 693 1035 923
717 977 743 1018 a.
758 977 782 1018 a.
798 958 838 1034 ΙΙ,
862 959 941 1034 4523
970 977 1026 1018 am.
1041 957 1097 1035 ΙΙΙ,
1114 961 1142 1035 6,
1156 960 1213 1033 483
1239 961 1300 1018 143
1326 977 1342 1018 e

114 1087 116 1094 ·
220 1063 286 1124 Tib.
300 1063 324 1139 I,
340 1067 369 1140 3,
384 1067 427 1124 90
437 1083 489 1141 sq,
507 1065 582 1124 nihil
600 1065 664 1124 fero
684 1064 819 1142 offendit,
839 1064 994 1124 sedtamen
1012 1064 1163 1124 sententia
1180 1065 1245 1140 ipsa
1263 1064 1340 1140 prio·

218 1168 301 1230 ribus
325 1170 460 1231 versibus
479 1171 629 1231 contraria
647 1175 694 1232 est
713 1164 763 1249 (ef.
783 1171 914 1230 Palmeri
932 1163 1027 1252 edit).
1064 1172 1158 1232 Paulo
1178 1174 1267 1230 antea
1286 1170 1342 1231 Oe·

219 1295 296 1336 none
329 1277 445 1336 dixerat
477 1296 541 1336 sese
570 1272 699 1338 ‘fallenti
726 1271 847 1338 marito'
881 1271 1012 1336 ‘manere
1041 1271 1175 1354 uastam',
1207 1277 1342 1354 quamvis

220 1401 307 1458 saepe
341 1383 398 1443 sibi
429 1384 557 1444 facultas
591 1385 663 1444 date
690 1386 742 1462 sit,
769 1388 805 1443 ut
832 1384 944 1444 eisdem
971 1403 1038 1444 oum
1065 1383 1173 1444 Paride
1191 1378 1341 1462 ‘legibus’

217 1492 322 1548 utatur
342 1481 420 1570 (133
437 1483 537 1572 sq.²)).
569 1491 633 1551 Hou
652 1493 716 1551 looo
736 1491 829 1568 igitur
847 1491 940 1550 iactat
958 1510 996 1550 se
1008 1491 1040 1549 in
1058 1490 1115 1550 fide
1135 1509 1188 1550 sua
1205 1494 1236 1549 et
1255 1490 1341 1550 casti»

217 1599 295 1674 tate,
322 1616 397 1672 quae
424 1599 473 1658 vel
495 1597 565 1660 deos
589 1598 804 1674 repudiaverit:
832 1599 922 1674 paulo
945 1601 1015 1674 post
1037 1598 1221 1658 eontrarium
1243 1597 1341 1673 ipsum

219 1721 285 1762 eam
312 1703 421 1764 dixisse
448 1705 558 1780 putas?
600 1705 705 1781 Neque
737 1708 840 1764 autem
868 1724 931 1765 sese
959 1708 1072 1764 uastam
1100 1724 1205 1766 vocare
1232 1705 1340 1782 potuit,

218 1794 297 1884 quod
318 1827 378 1868 nou
401 1829 456 1869 sua
478 1793 596 1888 sponte,
620 1811 671 1871 sod
696 1814 837 1887 superata
860 1811 908 1871 dei
930 1812 1080 1872 voluutati
1102 1811 1250 1888 paruerit,
1273 1830 1340 1871 eum

217 1915 283 1991 ipsa
304 1915 340 1975 de
359 1916 474 1976 Helena
497 1915 588 1976 dieat:
1298 1914 1302 1921 ’

277 2043 349 2100 131.
372 2041 443 2101 Vim
465 2041 536 2101 lieet
559 2043 692 2118 appelles
716 2045 747 2100 et
769 2043 888 2118 eulpam
910 2041 1028 2100 nomine
1052 2042 1145 2101 veles:

423 2147 505 2218 Quae
528 2149 639 2209 totiens
663 2150 750 2225 rapta
774 2152 833 2225 est,
846 2149 996 2224 ,praebuit
1018 2149 1084 2224 ipsa
1106 2148 1179 2224 rapi.

219 2289 297 2347 Tum
320 2289 417 2349 tribus
440 2291 577 2350 versibus
600 2291 679 2350 idem
704 2291 766 2350 fere
791 2289 899 2349 dieitur

219 2415 291 2473 145.
315 2413 395 2490 Ipso,
419 2417 503 2474 ratus
526 2413 660 2491 dignam,
683 2413 812 2473 medieas
835 2411 909 2470 mihi
931 2409 1057 2471 tradidit
1080 2414 1161 2471 artes

222 2522 293 2581 146.
361 2517 549 2597 Admisitque
572 2540 653 2580 meas
676 2521 714 2580 ad
738 2538 792 2578 sua
815 2518 893 2578 dona
915 2537 1029 2577 manus.

315 2626 524 2704 Quaecumque
548 2627 641 2687 herba
663 2630 769 2702 potens
793 2625 831 2684 ad
854 2644 941 2702 opem
964 2624 1104 2700 radixque
1128 2624 1265 2684 medendi

342 2734 507 2818 ¹Utilisjn
529 2736 593 2795 toto
617 2733 750 2794 nascitur
773 2733 857 2810 orbe,
880 2750 947 2790 mea
970 2733 1025 2792 est.

218 2877 317 2952 Atque
345 2875 441 2935 oratio
470 2876 576 2936 deletis
603 2875 739 2936 versibus
765 2875 937 2934 140-145
964 2871 1074 2949 optime
1097 2872 1176 2951 fluit,
1204 2877 1235 2933 et
1258 2872 1338 2952 eogi-

216 2983 291 3043 tatio
315 2982 443 3042 reliouae
466 2983 613 3059 epistulae
636 2981 735 3061 magis
757 2981 908 3043 conuenit.¹
1298 3013 1299 3016 =

306 3097 382 3157 Cum
409 3102 512 3158 autem
538 3118 633 3175 neque
661 3099 691 3158 in
720 3099 866 3175 epistulae
893 3097 1028 3157 fontibus
1057 3099 1130 3157 haee
1156 3096 1193 3156 de
1218 3095 1338 3156 Oenone

216 3208 339 3265 narrata
361 3223 425 3264 esso
449 3205 607 3264 videantur
629 3224 725 3281 neque
748 3205 807 3264 alio
831 3205 904 3279 loeo,
927 3203 1120 3263 statuendum
1141 3205 1188 3262 ost
1207 3222 1242 3261 ea
1261 3203 1337 3261 anti-

216 3311 366 3388 quissimis
394 3312 581 3388 temporibus
610 3312 744 3372 extitisse
772 3314 802 3370 et
829 3311 916 3370 illata
943 3327 1007 3368 esse
1035 3309 1066 3368 in
1094 3309 1170 3369 hano
1194 3309 1338 3386 fabulam,

216 3417 275 3477 nisi
297 3437 315 3477 a
334 3418 502 3479 Cassandra
525 3418 563 3478 ad
586 3419 670 3478 illam
691 3418 839 3478 translata
858 3435 924 3476 esse
942 3435 1010 3476 oum
1027 3415 1185 3475 Welokero
1205 3419 1338 3476 statuere

217 3523 304 3583 malis
327 3518 378 3605 (of.
391 3525 500 3602 grieeh.
517 3525 606 3602 Trag.
620 3545 648 3600 p.
666 3526 761 3586 1147.
775 3543 803 3584 n.
819 3514 863 3605 3).
1300 3587 1303 3590 ,

305 3638 448 3699 Eiusdem
461 3640 724 3716 interpolationum
737 3639 856 3718 generis
870 3642 917 3699 est
931 3637 1079 3698 distichon
1094 3636 1162 3716 XII,
1179 3641 1251 3716 111,
1265 3641 1337 3713 112,

216 3745 328 3822 inquo
351 3747 510 3808 Lehrsium
533 3740 566 3827 (l.
582 3768 605 3807 e.
622 3742 679 3829 66)
703 3748 767 3806 iure
792 3744 949 3806 offendisse
972 3749 1053 3821 puto.

289 3991 314 4057 1)
333 3987 498 4058 Nuperrime
517 3985 661 4042 Vahlenus
680 3987 708 4057 (l.
725 4004 749 4042 e.
763 4007 790 4058 p.
804 3990 852 4058 40)
870 4004 922 4044 eos
936 4004 1033 4043 versus
1051 3984 1167 4043 retineri
1185 3986 1283 4041 voluit.

287 4081 315 4147 2)
333 4076 514 4133 Probandum
537 4093 593 4132 uon
616 4078 673 4144 ost,
696 4077 772 4146 quod
791 4077 900 4133 Riesius
923 4096 948 4133 v.
971 4083 1022 4133 134
1046 4076 1177 4134 coniecit¹
1191 4075 1265 4130 ‘sed'
1285 4093 1337 4144 pro

218 4166 280 4235 ‘et’,
304 4165 378 4234 quod
402 4156 515 4234 quidem
537 4165 700 4238 saepissime
724 4165 800 4220 idem
823 4167 901 4223 valet
925 4169 1011 4236 atque
1036 4167 1079 4224 ‘et
1099 4164 1206 4222 tamen’
1230 4163 1265 4221 of.
1280 4163 1336 4220 Cic.

216 4255 297 4310 Tusa.
313 4255 335 4328 I,
349 4259 392 4324 38,
407 4261 453 4323 9²3
472 4255 555 4328 Verg.
570 4255 630 4312 1101.
645 4253 678 4327 V,
693 4259 728 4312 80
746 4253 852 4325 aliique
870 4255 953 4312 multi
970 4256 1034 4313 loci.
