<?xml version="1.0" encoding="UTF-8"?>
<!DOCTYPE html PUBLIC "-//W3C//DTD XHTML 1.0 Transitional//EN"
    "http://www.w3.org/TR/xhtml1/DTD/xhtml1-transitional.dtd">
<html xmlns="http://www.w3.org/1999/xhtml" xml:lang="en" lang="en">
 <head>
  <title>
</title>
<meta http-equiv="Content-Type" content="text/html;charset=utf-8" />
  <meta name='ocr-system' content='tesseract 3.04.00' />
  <meta name='ocr-capabilities' content='ocr_page ocr_carea ocr_par ocr_line ocrx_word'/>
</head>
<body>
  <div class='ocr_page' id='page_1' title='image "./observationesad00petegoog_0051.png"; bbox 0 0 3206 4928; ppageno 0'>
   <div class='ocr_carea' id='block_1_1' title="bbox 747 349 962 411">
    <p class='ocr_par' dir='ltr' id='par_1_1' title="bbox 747 349 962 411">
     <span class='ocr_line' id='line_1_1' title="bbox 747 349 962 411; baseline 0 -17"><span class='ocrx_word' id='word_1_1' title='bbox 747 349 962 411; x_wconf 51' lang='grc' dir='ltr'>..42.ἢ</span> 
     </span>
    </p>
   </div>
   <div class='ocr_carea' id='block_1_2' title="bbox 290 529 1413 1036">
    <p class='ocr_par' dir='ltr' id='par_1_2' title="bbox 290 529 1413 1036">
     <span class='ocr_line' id='line_1_2' title="bbox 290 529 1411 607; baseline 0.004 -19"><span class='ocrx_word' id='word_1_2' title='bbox 290 529 410 605; x_wconf 88' lang='lat' dir='ltr'>gnanda</span> <span class='ocrx_word' id='word_1_3' title='bbox 437 529 577 590; x_wconf 86' lang='lat' dir='ltr'>videntur</span> <span class='ocrx_word' id='word_1_4' title='bbox 603 547 668 590; x_wconf 88' lang='lat' dir='ltr'>esse</span> <span class='ocrx_word' id='word_1_5' title='bbox 691 530 824 590; x_wconf 83' lang='lat' dir='ltr'>Nasoni?</span> <span class='ocrx_word' id='word_1_6' title='bbox 851 550 948 590; x_wconf 89' lang='lat' dir='ltr'>nonne</span> <span class='ocrx_word' id='word_1_7' title='bbox 976 532 1106 607; x_wconf 88' lang='lat' dir='ltr'>perbene</span> <span class='ocrx_word' id='word_1_8' title='bbox 1130 535 1292 594; x_wconf 71' lang='lat' dir='ltr'>sectatores</span> <span class='ocrx_word' id='word_1_9' title='bbox 1315 532 1411 592; x_wconf 89' lang='lat' dir='ltr'>imita-</span> 
     </span>
     <span class='ocr_line' id='line_1_3' title="bbox 290 636 1413 712; baseline 0.004 -18"><span class='ocrx_word' id='word_1_10' title='bbox 290 638 429 712; x_wconf 88' lang='lat' dir='ltr'>toresque</span> <span class='ocrx_word' id='word_1_11' title='bbox 463 636 526 695; x_wconf 90' lang='lat' dir='ltr'>eius</span> <span class='ocrx_word' id='word_1_12' title='bbox 558 639 707 697; x_wconf 89' lang='lat' dir='ltr'>noverunt</span> <span class='ocrx_word' id='word_1_13' title='bbox 737 637 913 699; x_wconf 81' lang='lat' dir='ltr'>Ouidianum</span> <span class='ocrx_word' id='word_1_14' title='bbox 948 641 1135 700; x_wconf 80' lang='lat' dir='ltr'>sermonem?</span> <span class='ocrx_word' id='word_1_15' title='bbox 1179 639 1225 700; x_wconf 82' lang='lat' dir='ltr'>At</span> <span class='ocrx_word' id='word_1_16' title='bbox 1251 659 1289 699; x_wconf 93' lang='lat' dir='ltr'>ne</span> <span class='ocrx_word' id='word_1_17' title='bbox 1320 641 1413 699; x_wconf 92' lang='lat' dir='ltr'>ullam</span> 
     </span>
     <span class='ocr_line' id='line_1_4' title="bbox 291 717 1412 822; baseline 0.006 -22"><span class='ocrx_word' id='word_1_18' title='bbox 291 741 409 818; x_wconf 91' lang='lat' dir='ltr'>quidem</span> <span class='ocrx_word' id='word_1_19' title='bbox 428 717 646 802; x_wconf 42' lang='lat' dir='ltr'>&#39;similitudinis</span> <span class='ocrx_word' id='word_1_20' title='bbox 679 744 807 819; x_wconf 89' lang='lat' dir='ltr'>speciem</span> <span class='ocrx_word' id='word_1_21' title='bbox 834 745 914 806; x_wconf 90' lang='lat' dir='ltr'>inter</span> <span class='ocrx_word' id='word_1_22' title='bbox 941 749 1100 822; x_wconf 90' lang='lat' dir='ltr'>utrumque</span> <span class='ocrx_word' id='word_1_23' title='bbox 1130 763 1194 806; x_wconf 90' lang='lat' dir='ltr'>esse</span> <span class='ocrx_word' id='word_1_24' title='bbox 1222 746 1321 805; x_wconf 87' lang='grc'><strong>166616</strong></span> <span class='ocrx_word' id='word_1_25' title='bbox 1347 747 1412 807; x_wconf 88' lang='grc'><strong>1666</strong></span> 
     </span>
     <span class='ocr_line' id='line_1_5' title="bbox 290 837 1413 930; baseline 0.002 -22"><span class='ocrx_word' id='word_1_26' title='bbox 290 851 398 911; x_wconf 87' lang='grc'><strong>6161166</strong></span> <span class='ocrx_word' id='word_1_27' title='bbox 416 853 511 928; x_wconf 88' lang='lat' dir='ltr'>patet.</span> <span class='ocrx_word' id='word_1_28' title='bbox 530 882 574 892; x_wconf 90' lang='lat'><em>-</em></span> <span class='ocrx_word' id='word_1_29' title='bbox 592 850 728 926; x_wconf 79' lang='lat' dir='ltr'>Itemque</span> <span class='ocrx_word' id='word_1_30' title='bbox 751 852 846 912; x_wconf 89' lang='lat' dir='ltr'>falsus</span> <span class='ocrx_word' id='word_1_31' title='bbox 869 855 916 912; x_wconf 90' lang='grc'>661</span> <span class='ocrx_word' id='word_1_32' title='bbox 938 837 1027 912; x_wconf 84' lang='lat' dir='ltr'>homo</span> <span class='ocrx_word' id='word_1_33' title='bbox 1047 853 1159 930; x_wconf 88' lang='lat' dir='ltr'>doctus,</span> <span class='ocrx_word' id='word_1_34' title='bbox 1183 855 1219 912; x_wconf 93' lang='lat' dir='ltr'>ut</span> <span class='ocrx_word' id='word_1_35' title='bbox 1235 853 1291 913; x_wconf 91' lang='lat' dir='ltr'>hoc</span> <span class='ocrx_word' id='word_1_36' title='bbox 1311 853 1413 912; x_wconf 89' lang='lat' dir='ltr'>statim</span> 
     </span>
     <span class='ocr_line' id='line_1_6' title="bbox 290 956 1412 1036; baseline 0.002 -20"><span class='ocrx_word' id='word_1_37' title='bbox 290 956 407 1034; x_wconf 89' lang='lat' dir='ltr'>addam,</span> <span class='ocrx_word' id='word_1_38' title='bbox 430 977 497 1018; x_wconf 91' lang='lat' dir='ltr'>cum</span> <span class='ocrx_word' id='word_1_39' title='bbox 519 979 546 1019; x_wconf 90' lang='lat' dir='ltr'>v.</span> <span class='ocrx_word' id='word_1_40' title='bbox 561 959 625 1035; x_wconf 88' lang='lat' dir='ltr'>XX,</span> <span class='ocrx_word' id='word_1_41' title='bbox 643 961 704 1020; x_wconf 87' lang='lat'>135</span> <span class='ocrx_word' id='word_1_42' title='bbox 720 977 762 1035; x_wconf 92' lang='lat' dir='ltr'>sq.</span> <span class='ocrx_word' id='word_1_43' title='bbox 787 959 969 1022; x_wconf 87' lang='lat' dir='ltr'>miserrimos</span> <span class='ocrx_word' id='word_1_44' title='bbox 993 961 1123 1022; x_wconf 86' lang='lat' dir='ltr'>retineat</span> <span class='ocrx_word' id='word_1_45' title='bbox 1142 961 1179 1020; x_wconf 90' lang='lat' dir='ltr'>ob</span> <span class='ocrx_word' id='word_1_46' title='bbox 1200 979 1266 1020; x_wconf 91' lang='lat' dir='ltr'>eam</span> <span class='ocrx_word' id='word_1_47' title='bbox 1283 978 1412 1036; x_wconf 86' lang='lat' dir='ltr'>causam,</span> 
     </span>
    </p>
   </div>
   <div class='ocr_carea' id='block_1_3' title="bbox 208 1065 1412 1143">
    <p class='ocr_par' dir='ltr' id='par_1_3' title="bbox 208 1065 1412 1143">
     <span class='ocr_line' id='line_1_7' title="bbox 208 1065 1412 1143; baseline 0.002 -21"><span class='ocrx_word' id='word_1_48' title='bbox 208 1105 211 1112; x_wconf 74' lang='grc'><em>.</em></span> <span class='ocrx_word' id='word_1_49' title='bbox 290 1065 370 1140; x_wconf 90' lang='lat' dir='ltr'>quod</span> <span class='ocrx_word' id='word_1_50' title='bbox 395 1065 523 1140; x_wconf 83' lang='lat' dir='ltr'>profecti</span> <span class='ocrx_word' id='word_1_51' title='bbox 551 1083 616 1125; x_wconf 85' lang='grc'><strong>6666</strong></span> <span class='ocrx_word' id='word_1_52' title='bbox 644 1066 803 1126; x_wconf 86' lang='lat' dir='ltr'>videantur</span> <span class='ocrx_word' id='word_1_53' title='bbox 830 1085 866 1124; x_wconf 87' lang='lat' dir='ltr'>ex</span> <span class='ocrx_word' id='word_1_54' title='bbox 891 1067 1043 1143; x_wconf 79' lang='lat' dir='ltr'>Euripidis</span> <span class='ocrx_word' id='word_1_55' title='bbox 1070 1067 1171 1143; x_wconf 88' lang='lat' dir='ltr'>aliquo</span> <span class='ocrx_word' id='word_1_56' title='bbox 1199 1069 1273 1128; x_wconf 91' lang='grc'><strong>1666.</strong></span> <span class='ocrx_word' id='word_1_57' title='bbox 1309 1067 1412 1142; x_wconf 90' lang='lat' dir='ltr'>Neque</span> 
     </span>
    </p>
   </div>
   <div class='ocr_carea' id='block_1_4' title="bbox 213 1171 1411 3710">
    <p class='ocr_par' dir='ltr' id='par_1_4' title="bbox 289 1171 1411 1675">
     <span class='ocr_line' id='line_1_8' title="bbox 289 1171 1410 1249; baseline 0.004 -19"><span class='ocrx_word' id='word_1_58' title='bbox 289 1171 369 1230; x_wconf 91' lang='lat' dir='ltr'>enim</span> <span class='ocrx_word' id='word_1_59' title='bbox 393 1172 418 1230; x_wconf 90' lang='lat' dir='ltr'>si</span> <span class='ocrx_word' id='word_1_60' title='bbox 443 1173 564 1249; x_wconf 89' lang='lat' dir='ltr'>quidem</span> <span class='ocrx_word' id='word_1_61' title='bbox 588 1173 751 1233; x_wconf 86' lang='lat' dir='ltr'>similitudo</span> <span class='ocrx_word' id='word_1_62' title='bbox 775 1176 822 1233; x_wconf 89' lang='lat' dir='ltr'>est</span> <span class='ocrx_word' id='word_1_63' title='bbox 844 1173 923 1234; x_wconf 86' lang='lat' dir='ltr'>inter</span> <span class='ocrx_word' id='word_1_64' title='bbox 941 1193 1045 1234; x_wconf 88' lang='lat' dir='ltr'>versus</span> <span class='ocrx_word' id='word_1_65' title='bbox 1064 1173 1132 1234; x_wconf 90' lang='lat' dir='ltr'>illos</span> <span class='ocrx_word' id='word_1_66' title='bbox 1152 1177 1183 1234; x_wconf 89' lang='grc'>61</span> <span class='ocrx_word' id='word_1_67' title='bbox 1199 1174 1271 1234; x_wconf 81' lang='lat' dir='ltr'>Eur.</span> <span class='ocrx_word' id='word_1_68' title='bbox 1292 1173 1410 1249; x_wconf 80' lang='lat' dir='ltr'>Hippot</span> 
     </span>
     <span class='ocr_line' id='line_1_9' title="bbox 291 1257 1411 1356; baseline 0.001 -19"><span class='ocrx_word' id='word_1_69' title='bbox 291 1257 368 1352; x_wconf 73' lang='lat'>612,</span> <span class='ocrx_word' id='word_1_70' title='bbox 391 1278 447 1339; x_wconf 91' lang='lat' dir='ltr'>hoc</span> <span class='ocrx_word' id='word_1_71' title='bbox 469 1279 603 1355; x_wconf 90' lang='lat' dir='ltr'>impedit,</span> <span class='ocrx_word' id='word_1_72' title='bbox 625 1279 781 1355; x_wconf 78' lang='lat' dir='ltr'>quominus</span> <span class='ocrx_word' id='word_1_73' title='bbox 806 1298 856 1340; x_wconf 90' lang='grc'>666</span> <span class='ocrx_word' id='word_1_74' title='bbox 879 1283 985 1356; x_wconf 86' lang='lat' dir='ltr'>postea</span> <span class='ocrx_word' id='word_1_75' title='bbox 1006 1281 1135 1340; x_wconf 88' lang='lat' dir='ltr'>insertos</span> <span class='ocrx_word' id='word_1_76' title='bbox 1159 1297 1223 1341; x_wconf 90' lang='grc'><strong>6666</strong></span> <span class='ocrx_word' id='word_1_77' title='bbox 1247 1283 1411 1356; x_wconf 87' lang='lat' dir='ltr'>statuetur;</span> 
     </span>
     <span class='ocr_line' id='line_1_10' title="bbox 289 1385 1410 1464; baseline 0.002 -21"><span class='ocrx_word' id='word_1_78' title='bbox 289 1385 375 1460; x_wconf 89' lang='lat' dir='ltr'>quasi</span> <span class='ocrx_word' id='word_1_79' title='bbox 403 1385 591 1462; x_wconf 83' lang='lat' dir='ltr'>grammatici</span> <span class='ocrx_word' id='word_1_80' title='bbox 613 1386 657 1446; x_wconf 89' lang='lat' dir='ltr'>ita</span> <span class='ocrx_word' id='word_1_81' title='bbox 679 1386 793 1450; x_wconf 85' lang='lat' dir='ltr'>fuerint</span> <span class='ocrx_word' id='word_1_82' title='bbox 816 1390 953 1464; x_wconf 82' lang='lat' dir='ltr'>expertes</span> <span class='ocrx_word' id='word_1_83' title='bbox 975 1387 1160 1464; x_wconf 88' lang='lat' dir='ltr'>litterarum,</span> <span class='ocrx_word' id='word_1_84' title='bbox 1188 1388 1222 1447; x_wconf 92' lang='lat' dir='ltr'>ut</span> <span class='ocrx_word' id='word_1_85' title='bbox 1244 1387 1330 1446; x_wconf 91' lang='lat' dir='ltr'>illum</span> <span class='ocrx_word' id='word_1_86' title='bbox 1352 1387 1410 1446; x_wconf 84' lang='lat' dir='ltr'>Eu·</span> 
     </span>
     <span class='ocr_line' id='line_1_11' title="bbox 289 1491 1411 1571; baseline 0.002 -21"><span class='ocrx_word' id='word_1_87' title='bbox 289 1491 394 1567; x_wconf 88' lang='lat' dir='ltr'>ripidis</span> <span class='ocrx_word' id='word_1_88' title='bbox 417 1493 517 1552; x_wconf 90' lang='lat' dir='ltr'>locum</span> <span class='ocrx_word' id='word_1_89' title='bbox 534 1492 776 1569; x_wconf 86' lang='lat' dir='ltr'>famosissimum,</span> <span class='ocrx_word' id='word_1_90' title='bbox 799 1493 851 1570; x_wconf 93' lang='lat' dir='ltr'>qui</span> <span class='ocrx_word' id='word_1_91' title='bbox 869 1497 950 1554; x_wconf 88' lang='lat' dir='ltr'>certe</span> <span class='ocrx_word' id='word_1_92' title='bbox 969 1494 1000 1554; x_wconf 93' lang='lat' dir='ltr'>in</span> <span class='ocrx_word' id='word_1_93' title='bbox 1018 1494 1061 1554; x_wconf 88' lang='lat' dir='ltr'>eis</span> <span class='ocrx_word' id='word_1_94' title='bbox 1079 1495 1139 1555; x_wconf 87' lang='lat' dir='ltr'>fuit</span> <span class='ocrx_word' id='word_1_95' title='bbox 1156 1495 1320 1571; x_wconf 84' lang='lat' dir='ltr'>versiculis,</span> <span class='ocrx_word' id='word_1_96' title='bbox 1338 1512 1411 1570; x_wconf 89' lang='lat' dir='ltr'>quos</span> 
     </span>
     <span class='ocr_line' id='line_1_12' title="bbox 292 1598 936 1675; baseline 0.008 -20"><span class='ocrx_word' id='word_1_97' title='bbox 292 1599 341 1656; x_wconf 90' lang='lat' dir='ltr'>vel</span> <span class='ocrx_word' id='word_1_98' title='bbox 363 1598 476 1659; x_wconf 89' lang='lat' dir='ltr'>tirones</span> <span class='ocrx_word' id='word_1_99' title='bbox 500 1599 697 1675; x_wconf 77' lang='lat' dir='ltr'>edidicerunt,</span> <span class='ocrx_word' id='word_1_100' title='bbox 719 1619 779 1659; x_wconf 90' lang='lat' dir='ltr'>non</span> <span class='ocrx_word' id='word_1_101' title='bbox 801 1603 936 1661; x_wconf 84' lang='lat' dir='ltr'>nossent!</span> 
     </span>
    </p>

    <p class='ocr_par' dir='ltr' id='par_1_5' title="bbox 213 1704 1411 2315">
     <span class='ocr_line' id='line_1_13' title="bbox 379 1704 1411 1785; baseline 0.002 -21"><span class='ocrx_word' id='word_1_102' title='bbox 379 1704 449 1765; x_wconf 91' lang='lat' dir='ltr'>Non</span> <span class='ocrx_word' id='word_1_103' title='bbox 467 1706 506 1765; x_wconf 89' lang='lat' dir='ltr'>sit</span> <span class='ocrx_word' id='word_1_104' title='bbox 524 1704 653 1766; x_wconf 80' lang='lat' dir='ltr'>forsitan</span> <span class='ocrx_word' id='word_1_105' title='bbox 666 1707 849 1768; x_wconf 89' lang='lat' dir='ltr'>haerendum</span> <span class='ocrx_word' id='word_1_106' title='bbox 863 1708 895 1766; x_wconf 95' lang='lat' dir='ltr'>in</span> <span class='ocrx_word' id='word_1_107' title='bbox 907 1729 935 1769; x_wconf 86' lang='lat' dir='ltr'>v.</span> <span class='ocrx_word' id='word_1_108' title='bbox 952 1711 1002 1785; x_wconf 82' lang='lat'>69,</span> <span class='ocrx_word' id='word_1_109' title='bbox 1019 1712 1061 1769; x_wconf 82' lang='grc'>70</span> <span class='ocrx_word' id='word_1_110' title='bbox 1075 1709 1212 1784; x_wconf 87' lang='lat' dir='ltr'>dictione,</span> <span class='ocrx_word' id='word_1_111' title='bbox 1231 1711 1264 1768; x_wconf 91' lang='lat' dir='ltr'>at</span> <span class='ocrx_word' id='word_1_112' title='bbox 1277 1709 1411 1784; x_wconf 82' lang='lat' dir='ltr'>exempla</span> 
     </span>
     <span class='ocr_line' id='line_1_14' title="bbox 288 1812 1410 1892; baseline 0.002 -22"><span class='ocrx_word' id='word_1_113' title='bbox 288 1812 353 1887; x_wconf 90' lang='lat' dir='ltr'>ipsa</span> <span class='ocrx_word' id='word_1_114' title='bbox 376 1831 483 1887; x_wconf 89' lang='lat' dir='ltr'>parum</span> <span class='ocrx_word' id='word_1_115' title='bbox 505 1812 612 1872; x_wconf 91' lang='lat' dir='ltr'>idonea</span> <span class='ocrx_word' id='word_1_116' title='bbox 630 1813 746 1873; x_wconf 89' lang='lat' dir='ltr'>ratione</span> <span class='ocrx_word' id='word_1_117' title='bbox 765 1814 861 1873; x_wconf 89' lang='lat' dir='ltr'>electa</span> <span class='ocrx_word' id='word_1_118' title='bbox 879 1818 958 1875; x_wconf 87' lang='lat' dir='ltr'>sunt.</span> <span class='ocrx_word' id='word_1_119' title='bbox 998 1815 1047 1874; x_wconf 90' lang='lat' dir='ltr'>An</span> <span class='ocrx_word' id='word_1_120' title='bbox 1065 1835 1101 1874; x_wconf 89' lang='lat' dir='ltr'>ea</span> <span class='ocrx_word' id='word_1_121' title='bbox 1120 1835 1204 1892; x_wconf 89' lang='lat' dir='ltr'>quae,</span> <span class='ocrx_word' id='word_1_122' title='bbox 1228 1817 1263 1874; x_wconf 93' lang='lat' dir='ltr'>ut</span> <span class='ocrx_word' id='word_1_123' title='bbox 1280 1814 1410 1874; x_wconf 91' lang='lat' dir='ltr'>Hesione</span> 
     </span>
     <span class='ocr_line' id='line_1_15' title="bbox 213 1907 1411 1998; baseline 0.003 -22"><span class='ocrx_word' id='word_1_124' title='bbox 213 1907 215 1912; x_wconf 63' lang='grc'><strong>’</strong></span> <span class='ocrx_word' id='word_1_125' title='bbox 289 1921 320 1977; x_wconf 91' lang='grc'>61</span> <span class='ocrx_word' id='word_1_126' title='bbox 337 1917 600 1997; x_wconf 63' lang='lat' dir='ltr'>Briseis„eaptiva</span> <span class='ocrx_word' id='word_1_127' title='bbox 623 1919 787 1996; x_wconf 85' lang='lat' dir='ltr'>deducitur,</span> <span class='ocrx_word' id='word_1_128' title='bbox 811 1939 865 1980; x_wconf 88' lang='lat' dir='ltr'>sua</span> <span class='ocrx_word' id='word_1_129' title='bbox 889 1923 994 1998; x_wconf 90' lang='lat' dir='ltr'>sponte</span> <span class='ocrx_word' id='word_1_130' title='bbox 1017 1922 1082 1982; x_wconf 81' lang='lat' dir='ltr'>viro</span> <span class='ocrx_word' id='word_1_131' title='bbox 1102 1942 1133 1982; x_wconf 89' lang='grc'>66</span> <span class='ocrx_word' id='word_1_132' title='bbox 1152 1919 1287 1996; x_wconf 79' lang='lat' dir='ltr'>tradidit,</span> <span class='ocrx_word' id='word_1_133' title='bbox 1310 1925 1363 1980; x_wconf 93' lang='lat' dir='ltr'>aut</span> <span class='ocrx_word' id='word_1_134' title='bbox 1384 1921 1411 1980; x_wconf 89' lang='lat' dir='ltr'>ei</span> 
     </span>
     <span class='ocr_line' id='line_1_16' title="bbox 287 2025 1411 2104; baseline 0.001 -19"><span class='ocrx_word' id='word_1_135' title='bbox 287 2026 431 2086; x_wconf 86' lang='lat' dir='ltr'>victorem</span> <span class='ocrx_word' id='word_1_136' title='bbox 454 2045 513 2085; x_wconf 92' lang='grc'>666</span> <span class='ocrx_word' id='word_1_137' title='bbox 536 2026 620 2102; x_wconf 87' lang='lat' dir='ltr'>sequi</span> <span class='ocrx_word' id='word_1_138' title='bbox 643 2025 747 2085; x_wconf 82' lang='lat' dir='ltr'>licuit?</span> <span class='ocrx_word' id='word_1_139' title='bbox 782 2025 825 2086; x_wconf 93' lang='lat' dir='ltr'>At</span> <span class='ocrx_word' id='word_1_140' title='bbox 844 2025 980 2103; x_wconf 76' lang='lat' dir='ltr'>Cydippe</span> <span class='ocrx_word' id='word_1_141' title='bbox 999 2029 1102 2086; x_wconf 88' lang='lat' dir='ltr'>oratur</span> <span class='ocrx_word' id='word_1_142' title='bbox 1120 2030 1210 2103; x_wconf 88' lang='lat' dir='ltr'>atque</span> <span class='ocrx_word' id='word_1_143' title='bbox 1230 2027 1411 2104; x_wconf 79' lang='lat' dir='ltr'>obsecratur,</span> 
     </span>
     <span class='ocr_line' id='line_1_17' title="bbox 241 2117 1411 2210; baseline 0.003 -20"><span class='ocrx_word' id='word_1_144' title='bbox 241 2117 242 2120; x_wconf 22' lang='lat'>¹</span> <span class='ocrx_word' id='word_1_145' title='bbox 288 2135 323 2193; x_wconf 92' lang='lat' dir='ltr'>ut</span> <span class='ocrx_word' id='word_1_146' title='bbox 341 2134 421 2194; x_wconf 88' lang='lat' dir='ltr'>ultro</span> <span class='ocrx_word' id='word_1_147' title='bbox 442 2133 570 2210; x_wconf 81' lang='lat' dir='ltr'>excipiat</span> <span class='ocrx_word' id='word_1_148' title='bbox 587 2133 755 2195; x_wconf 88' lang='lat' dir='ltr'>Acontium.</span> <span class='ocrx_word' id='word_1_149' title='bbox 793 2133 900 2210; x_wconf 91' lang='lat' dir='ltr'>Itaque</span> <span class='ocrx_word' id='word_1_150' title='bbox 918 2133 984 2193; x_wconf 88' lang='lat' dir='ltr'>iure</span> <span class='ocrx_word' id='word_1_151' title='bbox 1003 2132 1151 2194; x_wconf 77' lang='lat' dir='ltr'>distichon</span> <span class='ocrx_word' id='word_1_152' title='bbox 1169 2133 1201 2192; x_wconf 93' lang='lat' dir='ltr'>in</span> <span class='ocrx_word' id='word_1_153' title='bbox 1214 2134 1411 2210; x_wconf 88' lang='lat' dir='ltr'>suspicionem</span> 
     </span>
     <span class='ocr_line' id='line_1_18' title="bbox 288 2239 599 2315; baseline 0 -15"><span class='ocrx_word' id='word_1_154' title='bbox 288 2239 407 2300; x_wconf 83' lang='lat' dir='ltr'>vocavit</span> <span class='ocrx_word' id='word_1_155' title='bbox 429 2239 599 2315; x_wconf 81' lang='lat' dir='ltr'>Diltheyua</span> 
     </span>
    </p>

    <p class='ocr_par' dir='ltr' id='par_1_6' title="bbox 286 2345 1410 3064">
     <span class='ocr_line' id='line_1_19' title="bbox 377 2345 1410 2429; baseline 0.004 -25"><span class='ocrx_word' id='word_1_156' title='bbox 377 2346 512 2423; x_wconf 91' lang='lat' dir='ltr'>Itemque</span> <span class='ocrx_word' id='word_1_157' title='bbox 532 2365 609 2422; x_wconf 90' lang='lat' dir='ltr'>quae</span> <span class='ocrx_word' id='word_1_158' title='bbox 630 2349 802 2429; x_wconf 86' lang='grc'><strong>101-106</strong></span> <span class='ocrx_word' id='word_1_159' title='bbox 823 2347 989 2406; x_wconf 87' lang='lat' dir='ltr'>afferuntur</span> <span class='ocrx_word' id='word_1_160' title='bbox 1009 2345 1153 2422; x_wconf 83' lang='lat' dir='ltr'>exempla,</span> <span class='ocrx_word' id='word_1_161' title='bbox 1172 2347 1279 2422; x_wconf 91' lang='lat' dir='ltr'>quibus</span> <span class='ocrx_word' id='word_1_162' title='bbox 1297 2347 1410 2408; x_wconf 89' lang='lat' dir='ltr'>Dianae</span> 
     </span>
     <span class='ocr_line' id='line_1_20' title="bbox 287 2451 1409 2531; baseline 0.001 -19"><span class='ocrx_word' id='word_1_163' title='bbox 287 2453 456 2513; x_wconf 86' lang='lat' dir='ltr'>illustretur</span> <span class='ocrx_word' id='word_1_164' title='bbox 469 2453 523 2531; x_wconf 88' lang='lat' dir='ltr'>ira,</span> <span class='ocrx_word' id='word_1_165' title='bbox 538 2455 591 2512; x_wconf 89' lang='lat' dir='ltr'>aut</span> <span class='ocrx_word' id='word_1_166' title='bbox 603 2452 705 2529; x_wconf 87' lang='lat' dir='ltr'>inepte</span> <span class='ocrx_word' id='word_1_167' title='bbox 719 2455 772 2513; x_wconf 91' lang='lat' dir='ltr'>aut</span> <span class='ocrx_word' id='word_1_168' title='bbox 785 2455 865 2512; x_wconf 89' lang='lat' dir='ltr'>certe</span> <span class='ocrx_word' id='word_1_169' title='bbox 880 2451 943 2513; x_wconf 89' lang='grc'><strong>6166</strong></span> <span class='ocrx_word' id='word_1_170' title='bbox 957 2452 1020 2512; x_wconf 87' lang='grc'><strong>6116</strong></span> <span class='ocrx_word' id='word_1_171' title='bbox 1035 2471 1126 2512; x_wconf 89' lang='lat' dir='ltr'>causa</span> <span class='ocrx_word' id='word_1_172' title='bbox 1134 2453 1322 2515; x_wconf 89' lang='lat' dir='ltr'>adhibentur.</span> <span class='ocrx_word' id='word_1_173' title='bbox 1345 2455 1409 2514; x_wconf 90' lang='lat' dir='ltr'>Pri-</span> 
     </span>
     <span class='ocr_line' id='line_1_21' title="bbox 287 2558 1410 2639; baseline 0.002 -21"><span class='ocrx_word' id='word_1_174' title='bbox 287 2579 371 2618; x_wconf 89' lang='lat' dir='ltr'>mum</span> <span class='ocrx_word' id='word_1_175' title='bbox 386 2559 464 2618; x_wconf 91' lang='lat' dir='ltr'>enim</span> <span class='ocrx_word' id='word_1_176' title='bbox 478 2558 625 2619; x_wconf 89' lang='lat' dir='ltr'>distichon</span> <span class='ocrx_word' id='word_1_177' title='bbox 638 2578 698 2619; x_wconf 92' lang='grc'>666</span> <span class='ocrx_word' id='word_1_178' title='bbox 708 2559 821 2619; x_wconf 90' lang='lat' dir='ltr'>Dianae</span> <span class='ocrx_word' id='word_1_179' title='bbox 837 2559 888 2619; x_wconf 92' lang='lat' dir='ltr'>sed</span> <span class='ocrx_word' id='word_1_180' title='bbox 898 2559 1045 2639; x_wconf 79' lang='lat' dir='ltr'>Althaeae</span> <span class='ocrx_word' id='word_1_181' title='bbox 1062 2563 1182 2620; x_wconf 88' lang='grc'><strong>6661161</strong></span> <span class='ocrx_word' id='word_1_182' title='bbox 1196 2560 1280 2622; x_wconf 85' lang='lat' dir='ltr'>iram.</span> <span class='ocrx_word' id='word_1_183' title='bbox 1310 2561 1410 2637; x_wconf 88' lang='lat' dir='ltr'>Atque</span> 
     </span>
     <span class='ocr_line' id='line_1_22' title="bbox 289 2664 1410 2752; baseline 0 -26"><span class='ocrx_word' id='word_1_184' title='bbox 289 2667 314 2726; x_wconf 91' lang='grc'>61</span> <span class='ocrx_word' id='word_1_185' title='bbox 327 2664 522 2752; x_wconf 77' lang='grc'><strong>1661616161,</strong></span> <span class='ocrx_word' id='word_1_186' title='bbox 534 2666 595 2726; x_wconf 90' lang='lat' dir='ltr'>duo</span> <span class='ocrx_word' id='word_1_187' title='bbox 609 2685 727 2743; x_wconf 90' lang='lat' dir='ltr'>quoque</span> <span class='ocrx_word' id='word_1_188' title='bbox 742 2686 818 2743; x_wconf 86' lang='lat' dir='ltr'>quae</span> <span class='ocrx_word' id='word_1_189' title='bbox 831 2670 996 2744; x_wconf 89' lang='lat' dir='ltr'>sequuntur</span> <span class='ocrx_word' id='word_1_190' title='bbox 1010 2667 1170 2727; x_wconf 86' lang='lat' dir='ltr'>resecanda</span> <span class='ocrx_word' id='word_1_191' title='bbox 1179 2671 1257 2742; x_wconf 85' lang='lat' dir='ltr'>sunt,</span> <span class='ocrx_word' id='word_1_192' title='bbox 1272 2669 1410 2744; x_wconf 91' lang='lat' dir='ltr'>quoniam</span> 
     </span>
     <span class='ocr_line' id='line_1_23' title="bbox 287 2757 1409 2850; baseline 0 -16"><span class='ocrx_word' id='word_1_193' title='bbox 287 2773 437 2834; x_wconf 87' lang='lat' dir='ltr'>artissime</span> <span class='ocrx_word' id='word_1_194' title='bbox 456 2792 524 2832; x_wconf 87' lang='lat' dir='ltr'>eum</span> <span class='ocrx_word' id='word_1_195' title='bbox 541 2774 594 2832; x_wconf 92' lang='lat' dir='ltr'>illo</span> <span class='ocrx_word' id='word_1_196' title='bbox 608 2774 838 2850; x_wconf 84' lang='lat' dir='ltr'>coniunguntur.</span> <span class='ocrx_word' id='word_1_197' title='bbox 870 2773 974 2850; x_wconf 82' lang='lat' dir='ltr'>Neque</span> <span class='ocrx_word' id='word_1_198' title='bbox 990 2774 1126 2850; x_wconf 83' lang='lat' dir='ltr'>proxima</span> <span class='ocrx_word' id='word_1_199' title='bbox 1139 2777 1231 2836; x_wconf 87' lang='lat' dir='ltr'>verba</span> <span class='ocrx_word' id='word_1_200' title='bbox 1245 2757 1287 2834; x_wconf 88' lang='lat' dir='ltr'>ad</span> <span class='ocrx_word' id='word_1_201' title='bbox 1297 2775 1350 2834; x_wconf 91' lang='lat' dir='ltr'>illa</span> <span class='ocrx_word' id='word_1_202' title='bbox 1363 2795 1409 2834; x_wconf 86' lang='grc'>16·</span> 
     </span>
     <span class='ocr_line' id='line_1_24' title="bbox 286 2879 1409 2958; baseline 0.004 -20"><span class='ocrx_word' id='word_1_203' title='bbox 286 2881 434 2956; x_wconf 82' lang='grc'><strong>16166161,</strong></span> <span class='ocrx_word' id='word_1_204' title='bbox 457 2881 547 2940; x_wconf 88' lang='grc'><strong>161616</strong></span> <span class='ocrx_word' id='word_1_205' title='bbox 567 2899 593 2939; x_wconf 84' lang='grc'>1.</span> <span class='ocrx_word' id='word_1_206' title='bbox 611 2882 673 2941; x_wconf 83' lang='grc'>107</span> <span class='ocrx_word' id='word_1_207' title='bbox 700 2879 845 2940; x_wconf 86' lang='lat' dir='ltr'>Acontius</span> <span class='ocrx_word' id='word_1_208' title='bbox 864 2881 1085 2958; x_wconf 82' lang='lat' dir='ltr'>cogitationem,</span> <span class='ocrx_word' id='word_1_209' title='bbox 1111 2899 1186 2957; x_wconf 90' lang='lat' dir='ltr'>quae</span> <span class='ocrx_word' id='word_1_210' title='bbox 1205 2883 1252 2941; x_wconf 88' lang='lat' dir='ltr'>est</span> <span class='ocrx_word' id='word_1_211' title='bbox 1269 2881 1302 2940; x_wconf 93' lang='lat' dir='ltr'>in</span> <span class='ocrx_word' id='word_1_212' title='bbox 1315 2902 1342 2943; x_wconf 88' lang='lat' dir='ltr'>v.</span> <span class='ocrx_word' id='word_1_213' title='bbox 1359 2885 1409 2957; x_wconf 88' lang='lat'>99,</span> 
     </span>
     <span class='ocr_line' id='line_1_25' title="bbox 290 2986 1408 3064; baseline 0.003 -19"><span class='ocrx_word' id='word_1_214' title='bbox 290 2989 366 3063; x_wconf 93' lang='grc'><strong>100,</strong></span> <span class='ocrx_word' id='word_1_215' title='bbox 394 2987 575 3062; x_wconf 89' lang='lat' dir='ltr'>amplificare</span> <span class='ocrx_word' id='word_1_216' title='bbox 603 2987 703 3064; x_wconf 86' lang='lat' dir='ltr'>pergit</span> <span class='ocrx_word' id='word_1_217' title='bbox 726 2987 810 3047; x_wconf 91' lang='lat' dir='ltr'>etin</span> <span class='ocrx_word' id='word_1_218' title='bbox 836 2986 989 3064; x_wconf 79' lang='lat' dir='ltr'>Cydippae</span> <span class='ocrx_word' id='word_1_219' title='bbox 1013 2987 1177 3047; x_wconf 84' lang='lat' dir='ltr'>transferre</span> <span class='ocrx_word' id='word_1_220' title='bbox 1200 2987 1408 3049; x_wconf 87' lang='lat' dir='ltr'>condicionem.</span> 
     </span>
    </p>

    <p class='ocr_par' dir='ltr' id='par_1_7' title="bbox 287 3092 1410 3502">
     <span class='ocr_line' id='line_1_26' title="bbox 376 3092 1410 3172; baseline 0.004 -20"><span class='ocrx_word' id='word_1_221' title='bbox 376 3093 497 3153; x_wconf 80' lang='lat' dir='ltr'>Tertius</span> <span class='ocrx_word' id='word_1_222' title='bbox 529 3094 624 3170; x_wconf 88' lang='lat' dir='ltr'>loeus,</span> <span class='ocrx_word' id='word_1_223' title='bbox 661 3093 713 3152; x_wconf 92' lang='lat' dir='ltr'>ubi</span> <span class='ocrx_word' id='word_1_224' title='bbox 744 3093 821 3154; x_wconf 89' lang='lat' dir='ltr'>false</span> <span class='ocrx_word' id='word_1_225' title='bbox 854 3095 1021 3170; x_wconf 83' lang='lat' dir='ltr'>exemplum</span> <span class='ocrx_word' id='word_1_226' title='bbox 1054 3092 1124 3153; x_wconf 89' lang='lat' dir='ltr'>addi</span> <span class='ocrx_word' id='word_1_227' title='bbox 1157 3097 1238 3154; x_wconf 86' lang='lat' dir='ltr'>recte</span> <span class='ocrx_word' id='word_1_228' title='bbox 1270 3095 1410 3172; x_wconf 86' lang='lat' dir='ltr'>cognovit</span> 
     </span>
     <span class='ocr_line' id='line_1_27' title="bbox 287 3199 1409 3278; baseline 0.003 -19"><span class='ocrx_word' id='word_1_229' title='bbox 287 3200 460 3277; x_wconf 86' lang='lat' dir='ltr'>Diltheyus,</span> <span class='ocrx_word' id='word_1_230' title='bbox 487 3203 533 3260; x_wconf 88' lang='lat' dir='ltr'>est</span> <span class='ocrx_word' id='word_1_231' title='bbox 555 3201 620 3277; x_wconf 89' lang='lat' dir='ltr'>XX,</span> <span class='ocrx_word' id='word_1_232' title='bbox 636 3203 726 3276; x_wconf 87' lang='lat'>9,10.</span> <span class='ocrx_word' id='word_1_233' title='bbox 763 3199 833 3260; x_wconf 89' lang='lat' dir='ltr'>Alia</span> <span class='ocrx_word' id='word_1_234' title='bbox 856 3201 935 3260; x_wconf 91' lang='lat' dir='ltr'>enim</span> <span class='ocrx_word' id='word_1_235' title='bbox 958 3218 1048 3260; x_wconf 87' lang='lat' dir='ltr'>eausa</span> <span class='ocrx_word' id='word_1_236' title='bbox 1070 3203 1136 3261; x_wconf 88' lang='lat' dir='ltr'>erat</span> <span class='ocrx_word' id='word_1_237' title='bbox 1158 3200 1327 3278; x_wconf 84' lang='lat' dir='ltr'>Hippolyti,</span> <span class='ocrx_word' id='word_1_238' title='bbox 1350 3201 1409 3262; x_wconf 88' lang='lat' dir='ltr'>alia</span> 
     </span>
     <span class='ocr_line' id='line_1_28' title="bbox 288 3296 1408 3384; baseline 0.003 -18"><span class='ocrx_word' id='word_1_239' title='bbox 288 3309 335 3366; x_wconf 89' lang='lat' dir='ltr'>est</span> <span class='ocrx_word' id='word_1_240' title='bbox 352 3296 479 3367; x_wconf 80' lang='lat' dir='ltr'>Acontii.</span> <span class='ocrx_word' id='word_1_241' title='bbox 516 3307 615 3384; x_wconf 87' lang='lat' dir='ltr'>Atque</span> <span class='ocrx_word' id='word_1_242' title='bbox 640 3307 702 3368; x_wconf 87' lang='lat' dir='ltr'>sine</span> <span class='ocrx_word' id='word_1_243' title='bbox 730 3307 819 3367; x_wconf 91' lang='lat' dir='ltr'>dubio</span> <span class='ocrx_word' id='word_1_244' title='bbox 848 3306 978 3384; x_wconf 88' lang='lat' dir='ltr'>optimus</span> <span class='ocrx_word' id='word_1_245' title='bbox 1004 3311 1050 3367; x_wconf 90' lang='grc'>661</span> <span class='ocrx_word' id='word_1_246' title='bbox 1073 3307 1291 3367; x_wconf 87' lang='grc'><strong>6661661161616</strong></span> <span class='ocrx_word' id='word_1_247' title='bbox 1315 3327 1408 3369; x_wconf 84' lang='grc'><strong>661166</strong></span> 
     </span>
     <span class='ocr_line' id='line_1_29' title="bbox 287 3413 1407 3502; baseline 0.004 -30"><span class='ocrx_word' id='word_1_248' title='bbox 287 3413 393 3474; x_wconf 90' lang='lat' dir='ltr'>deletis</span> <span class='ocrx_word' id='word_1_249' title='bbox 416 3413 476 3473; x_wconf 91' lang='lat' dir='ltr'>illis</span> <span class='ocrx_word' id='word_1_250' title='bbox 495 3414 640 3502; x_wconf 79' lang='lat' dir='ltr'>versibus,</span> <span class='ocrx_word' id='word_1_251' title='bbox 663 3433 790 3491; x_wconf 89' lang='lat' dir='ltr'>quorum</span> <span class='ocrx_word' id='word_1_252' title='bbox 807 3415 890 3490; x_wconf 89' lang='lat' dir='ltr'>prior</span> <span class='ocrx_word' id='word_1_253' title='bbox 909 3414 1074 3481; x_wconf 87' lang='lat' dir='ltr'>sententiae</span> <span class='ocrx_word' id='word_1_254' title='bbox 1093 3433 1153 3473; x_wconf 92' lang='grc'>666</span> <span class='ocrx_word' id='word_1_255' title='bbox 1172 3414 1293 3476; x_wconf 85' lang='lat' dir='ltr'>videtur</span> <span class='ocrx_word' id='word_1_256' title='bbox 1311 3418 1407 3494; x_wconf 81' lang='lat' dir='ltr'>aptus</span> 
     </span>
    </p>

    <p class='ocr_par' dir='ltr' id='par_1_8' title="bbox 288 3519 1408 3710">
     <span class='ocr_line' id='line_1_30' title="bbox 376 3519 1408 3601; baseline 0.003 -23"><span class='ocrx_word' id='word_1_257' title='bbox 376 3519 488 3590; x_wconf 86' lang='lat' dir='ltr'>Versus</span> <span class='ocrx_word' id='word_1_258' title='bbox 516 3519 710 3601; x_wconf 63' lang='grc'><strong>1111119766.</strong></span> <span class='ocrx_word' id='word_1_259' title='bbox 734 3525 769 3580; x_wconf 90' lang='lat' dir='ltr'>ut</span> <span class='ocrx_word' id='word_1_260' title='bbox 795 3540 862 3581; x_wconf 92' lang='lat' dir='ltr'>cum</span> <span class='ocrx_word' id='word_1_261' title='bbox 885 3521 1027 3597; x_wconf 90' lang='lat' dir='ltr'>Diltheyc</span> <span class='ocrx_word' id='word_1_262' title='bbox 1051 3520 1344 3598; x_wconf 87' lang='lat' dir='ltr'>circumscribantur,</span> <span class='ocrx_word' id='word_1_263' title='bbox 1373 3541 1408 3582; x_wconf 89' lang='lat' dir='ltr'>ea</span> 
     </span>
     <span class='ocr_line' id='line_1_31' title="bbox 288 3621 1408 3710; baseline 0.003 -24"><span class='ocrx_word' id='word_1_264' title='bbox 288 3627 398 3687; x_wconf 85' lang='lat' dir='ltr'>suffieit</span> <span class='ocrx_word' id='word_1_265' title='bbox 421 3645 522 3704; x_wconf 87' lang='lat' dir='ltr'>eausa,</span> <span class='ocrx_word' id='word_1_266' title='bbox 550 3627 629 3703; x_wconf 92' lang='lat' dir='ltr'>quod</span> <span class='ocrx_word' id='word_1_267' title='bbox 657 3630 797 3703; x_wconf 88' lang='lat' dir='ltr'>repetunt</span> <span class='ocrx_word' id='word_1_268' title='bbox 823 3627 925 3710; x_wconf 83' lang='lat' dir='ltr'>priora</span> <span class='ocrx_word' id='word_1_269' title='bbox 949 3627 1042 3687; x_wconf 83' lang='lat' dir='ltr'>verba</span> <span class='ocrx_word' id='word_1_270' title='bbox 1065 3621 1106 3706; x_wconf 86' lang='lat' dir='ltr'>(v.</span> <span class='ocrx_word' id='word_1_271' title='bbox 1123 3631 1162 3687; x_wconf 93' lang='grc'>19</span> <span class='ocrx_word' id='word_1_272' title='bbox 1175 3621 1240 3708; x_wconf 77' lang='lat' dir='ltr'>sq.);</span> <span class='ocrx_word' id='word_1_273' title='bbox 1277 3629 1408 3705; x_wconf 85' lang='lat' dir='ltr'>Accedit,</span> 
     </span>
    </p>
   </div>
   <div class='ocr_carea' id='block_1_5' title="bbox 200 3728 1406 3810">
    <p class='ocr_par' dir='ltr' id='par_1_9' title="bbox 200 3728 1406 3810">
     <span class='ocr_line' id='line_1_32' title="bbox 200 3728 1406 3810; baseline 0.007 -24"><span class='ocrx_word' id='word_1_274' title='bbox 200 3777 203 3786; x_wconf 40' lang='lat'><em>2</em></span> <span class='ocrx_word' id='word_1_275' title='bbox 287 3733 366 3810; x_wconf 92' lang='lat' dir='ltr'>quod</span> <span class='ocrx_word' id='word_1_276' title='bbox 388 3733 618 3810; x_wconf 86' lang='lat' dir='ltr'>haudquaquam</span> <span class='ocrx_word' id='word_1_277' title='bbox 645 3734 802 3794; x_wconf 91' lang='lat' dir='ltr'>dicendum</span> <span class='ocrx_word' id='word_1_278' title='bbox 829 3737 895 3794; x_wconf 88' lang='grc'><strong>6161</strong></span> <span class='ocrx_word' id='word_1_279' title='bbox 922 3728 1009 3794; x_wconf 77' lang='lat' dir='ltr'>‘vidit</span> <span class='ocrx_word' id='word_1_280' title='bbox 1036 3753 1103 3794; x_wconf 89' lang='lat' dir='ltr'>cum</span> <span class='ocrx_word' id='word_1_281' title='bbox 1126 3738 1160 3795; x_wconf 89' lang='lat' dir='ltr'>tu</span> <span class='ocrx_word' id='word_1_282' title='bbox 1182 3737 1406 3809; x_wconf 60' lang='grc'><strong>1166161616-</strong></span> 
     </span>
    </p>
   </div>
   <div class='ocr_carea' id='block_1_6' title="bbox 285 3835 1469 4348">
    <p class='ocr_par' dir='ltr' id='par_1_10' title="bbox 285 3835 1469 4348">
     <span class='ocr_line' id='line_1_33' title="bbox 286 3835 1407 3927; baseline 0.002 -27"><span class='ocrx_word' id='word_1_283' title='bbox 286 3835 362 3918; x_wconf 86' lang='lat' dir='ltr'>bas’,</span> <span class='ocrx_word' id='word_1_284' title='bbox 394 3841 447 3901; x_wconf 92' lang='lat' dir='ltr'>sed</span> <span class='ocrx_word' id='word_1_285' title='bbox 478 3841 515 3901; x_wconf 92' lang='lat' dir='ltr'>de</span> <span class='ocrx_word' id='word_1_286' title='bbox 546 3841 622 3918; x_wconf 41' lang='lat' dir='ltr'>ipso,</span> <span class='ocrx_word' id='word_1_287' title='bbox 643 3841 709 3900; x_wconf 90' lang='lat' dir='ltr'>iure</span> <span class='ocrx_word' id='word_1_288' title='bbox 736 3840 861 3900; x_wconf 89' lang='lat' dir='ltr'>iurando</span> <span class='ocrx_word' id='word_1_289' title='bbox 891 3859 910 3900; x_wconf 94' lang='lat' dir='ltr'>a</span> <span class='ocrx_word' id='word_1_290' title='bbox 937 3841 993 3901; x_wconf 93' lang='lat' dir='ltr'>dea</span> <span class='ocrx_word' id='word_1_291' title='bbox 1020 3842 1121 3902; x_wconf 90' lang='lat' dir='ltr'>audito</span> <span class='ocrx_word' id='word_1_292' title='bbox 1149 3842 1263 3927; x_wconf 88' lang='lat' dir='ltr'>moneri</span> <span class='ocrx_word' id='word_1_293' title='bbox 1295 3841 1407 3903; x_wconf 90' lang='lat' dir='ltr'>debuit.</span> 
     </span>
     <span class='ocr_line' id='line_1_34' title="bbox 286 3946 1408 4024; baseline 0.002 -17"><span class='ocrx_word' id='word_1_294' title='bbox 286 3946 390 4024; x_wconf 86' lang='lat' dir='ltr'>Neque</span> <span class='ocrx_word' id='word_1_295' title='bbox 414 3947 493 4007; x_wconf 90' lang='lat' dir='ltr'>enim</span> <span class='ocrx_word' id='word_1_296' title='bbox 517 3947 634 4007; x_wconf 91' lang='lat' dir='ltr'>omnino</span> <span class='ocrx_word' id='word_1_297' title='bbox 657 3965 747 4006; x_wconf 87' lang='lat' dir='ltr'>causa</span> <span class='ocrx_word' id='word_1_298' title='bbox 770 3950 825 4024; x_wconf 88' lang='lat' dir='ltr'>est,</span> <span class='ocrx_word' id='word_1_299' title='bbox 849 3967 901 4007; x_wconf 88' lang='lat' dir='ltr'>eur</span> <span class='ocrx_word' id='word_1_300' title='bbox 924 3948 960 4008; x_wconf 90' lang='lat' dir='ltr'>de</span> <span class='ocrx_word' id='word_1_301' title='bbox 983 3949 1088 4008; x_wconf 90' lang='lat' dir='ltr'>fraude</span> <span class='ocrx_word' id='word_1_302' title='bbox 1112 3968 1166 4008; x_wconf 90' lang='lat' dir='ltr'>sua</span> <span class='ocrx_word' id='word_1_303' title='bbox 1184 3949 1277 4009; x_wconf 83' lang='lat' dir='ltr'>verba</span> <span class='ocrx_word' id='word_1_304' title='bbox 1294 3950 1408 4010; x_wconf 87' lang='lat' dir='ltr'>faceret</span> 
     </span>
     <span class='ocr_line' id='line_1_35' title="bbox 286 4049 1469 4131; baseline -0.001 -16"><span class='ocrx_word' id='word_1_305' title='bbox 286 4053 444 4130; x_wconf 76' lang='lat' dir='ltr'>Acontius,</span> <span class='ocrx_word' id='word_1_306' title='bbox 472 4073 506 4113; x_wconf 91' lang='grc'>66</span> <span class='ocrx_word' id='word_1_307' title='bbox 532 4073 570 4113; x_wconf 88' lang='grc'>66</span> <span class='ocrx_word' id='word_1_308' title='bbox 585 4072 701 4113; x_wconf 70' lang='lat' dir='ltr'>uocem</span> <span class='ocrx_word' id='word_1_309' title='bbox 728 4053 847 4131; x_wconf 89' lang='lat' dir='ltr'>quidem</span> <span class='ocrx_word' id='word_1_310' title='bbox 877 4049 1064 4131; x_wconf 74' lang='lat' dir='ltr'>‘decipiendi’</span> <span class='ocrx_word' id='word_1_311' title='bbox 1093 4055 1231 4130; x_wconf 86' lang='lat' dir='ltr'>usurpari</span> <span class='ocrx_word' id='word_1_312' title='bbox 1257 4055 1341 4115; x_wconf 87' lang='lat' dir='ltr'>licuit</span> <span class='ocrx_word' id='word_1_313' title='bbox 1369 4056 1406 4114; x_wconf 89' lang='lat' dir='ltr'>ab</span> <span class='ocrx_word' id='word_1_314' title='bbox 1466 4089 1469 4096; x_wconf 95' lang='lat'>·</span> 
     </span>
     <span class='ocr_line' id='line_1_36' title="bbox 286 4159 1406 4241; baseline 0.002 -21"><span class='ocrx_word' id='word_1_315' title='bbox 286 4161 358 4237; x_wconf 89' lang='lat' dir='ltr'>ipso.</span> <span class='ocrx_word' id='word_1_316' title='bbox 399 4161 562 4220; x_wconf 89' lang='lat' dir='ltr'>Praeterea</span> <span class='ocrx_word' id='word_1_317' title='bbox 589 4159 644 4219; x_wconf 91' lang='lat' dir='ltr'>hoc</span> <span class='ocrx_word' id='word_1_318' title='bbox 671 4180 789 4239; x_wconf 90' lang='lat' dir='ltr'>quoque</span> <span class='ocrx_word' id='word_1_319' title='bbox 816 4161 964 4222; x_wconf 89' lang='lat' dir='ltr'>distichon</span> <span class='ocrx_word' id='word_1_320' title='bbox 991 4161 1159 4222; x_wconf 87' lang='lat' dir='ltr'>adnectitur</span> <span class='ocrx_word' id='word_1_321' title='bbox 1183 4163 1221 4222; x_wconf 87' lang='lat' dir='ltr'>ad</span> <span class='ocrx_word' id='word_1_322' title='bbox 1244 4163 1406 4241; x_wconf 83' lang='lat' dir='ltr'>genuinum</span> 
     </span>
     <span class='ocr_line' id='line_1_37' title="bbox 285 4261 851 4348; baseline 0.005 -22"><span class='ocrx_word' id='word_1_323' title='bbox 285 4267 412 4348; x_wconf 87' lang='lat' dir='ltr'>proximi</span> <span class='ocrx_word' id='word_1_324' title='bbox 435 4285 539 4330; x_wconf 88' lang='lat' dir='ltr'>versus</span> <span class='ocrx_word' id='word_1_325' title='bbox 562 4267 740 4330; x_wconf 87' lang='lat' dir='ltr'>vccabulum</span> <span class='ocrx_word' id='word_1_326' title='bbox 764 4261 851 4329; x_wconf 73' lang='lat' dir='ltr'>‘dea&#39;.</span> 
     </span>
    </p>
   </div>
   <div class='ocr_carea' id='block_1_7' title="bbox 0 0 1608 4928">
    <p class='ocr_par' dir='ltr' id='par_1_11' title="bbox 0 0 1608 4928">
     <span class='ocr_line' id='line_1_38' title="bbox 0 0 1608 4928; baseline 0 1"><span class='ocrx_word' id='word_1_327' title='bbox 0 0 1608 4928; x_wconf 95' lang='lat' dir='ltr'> </span> 
     </span>
    </p>
   </div>
  </div>
 </body>
</html>
