3206 4928
763 423 980 486 ...26-

313 605 427 684 aliquid
450 606 585 666 concludi
607 608 717 682 potest.
753 605 892 666 Vertitur
915 607 1016 664 autem
1039 605 1175 681 quaestio
1198 604 1230 662 11
1252 624 1280 664 1.
1299 606 1363 664 105
1389 623 1431 681 sq.

308 717 392 780 recte¹
417 713 635 790 intellegendis.
681 713 769 772 Hunc
796 713 895 772 locum
922 711 1050 788 Birtius,
1077 715 1112 771 ut
1135 712 1241 770 doceat
1263 710 1431 770 Phaedram

308 821 458 880 Troezene
476 820 670 888 ¹habitantem
693 818 774 896 fingi,
797 820 841 880 ita
863 819 1081 894 interpretatur
1104 810 1138 898 (l.
1157 836 1181 878 c.
1199 837 1228 892 p.
1248 819 1312 876 403
1332 835 1360 875 n.
1381 807 1429 897 2):

309 921 376 1002 Ἥ,
400 927 579 1003 Hippolyte,
602 927 633 986 11
656 926 739 986 silvis
762 926 860 1002 degis,
884 925 936 986 sed
959 944 1014 1003 ego
1038 943 1136 985 comes
1158 924 1217 984 tibi
1238 919 1429 983 1111111111-

308 1051 366 1110 que
393 1033 473 1092 feras
500 1033 622 1094 timebo.
672 1032 734 1092 Ubi
762 1033 899 1093 Isthmon
930 1029 1024 1110 (inter
1056 1030 1164 1107 oppida
1192 1028 1369 1090 Celenderis
1400 1034 1430 1090 et

309 1132 495 1220 Methanam)
524 1140 620 1199 maria
647 1141 706 1200 duo
733 1141 895 1218 plangunt,
921 1140 965 1199 ibi
992 1133 1014 1220 (
1036 1141 1085 1198 ter
1108 1131 1193 1219 saxa)
1217 1141 1316 1198 tecum
1339 1137 1428 1196 Troe-

307 1265 379 1306 zena
397 1247 502 1323 colam,
525 1247 582 1306 hoc
604 1249 662 1306 est:
687 1264 756 1305 rure
775 1247 909 1307 Pitthelo
933 1247 1029 1322 ipsam
1052 1246 1158 1305 urbem
1177 1243 1341 1304 Pitthetam
1364 1264 1427 1302 mu·

307 1353 392 1428 tabo,
425 1353 486 1412 iam
512 1372 605 1430 nunc,
637 1353 694 1412 hoc
726 1356 785 1429 est,
815 1353 876 1412 1111
893 1358 1066 1430 antequam
1093 1353 1124 1410 in
1152 1352 1232 1428 agris
1261 1350 1429 1410 Troezeniis

306 1461 408 1520 tecum
438 1460 514 1520 mihi
537 1459 722 1520 consuetudo
744 1462 804 1537 est,
831 1460 963 1520 Troezen
985 1460 1060 1519 mihi
1083 1459 1199 1537 gratior
1222 1461 1267 1518 est
1289 1458 1356 1534 ipse
1377 1477 1428 1534 pa-

308 1560 387 1625 tria’
441 1566 501 1626 Sed
528 1567 602 1627 haec
629 1567 719 1627 nimis
752 1570 891 1627 contorta
925 1571 968 1642 et,
988 1569 1092 1626 coacta
1122 1565 1332 1641 interpretatio
1364 1584 1428 1626 esse

277 1693 280 1702 ’
306 1673 382 1732 mihi
404 1673 532 1734 videtur.

397 1778 476 1849 Quid
500 1781 600 1840 enim?
624 1781 650 1840 si
673 1781 738 1856 ipsa
762 1781 823 1840 iam
841 1781 991 1840 Troezene
1014 1783 1195 1855 versaretur,
1217 1798 1299 1854 num,
1321 1783 1357 1839 11
1380 1799 1427 1838 ex·

306 1886 419 1961 primat
442 1905 473 1945 se
496 1907 568 1948 rure
590 1888 687 1964 ipsam
709 1889 817 1947 urbem
839 1890 957 1946 mutare
980 1887 1021 1954 in.
1036 1887 1135 1946 animo
1154 1886 1274 1962 habere,
1299 1903 1365 1944 eam
1382 1887 1429 1945 uti

307 2009 394 2068 posse
418 1995 508 2068 putas
530 2012 603 2054 voce
628 1988 790 2053 ‘Troezena
814 1986 921 2053 colere'
945 1996 1036 2070 atque
1064 1993 1187 2069 insuper
1212 1991 1315 2052 addita
1343 2011 1428 2053 accu-

307 2102 376 2159 rata
404 2099 621 2178 significatione
650 2093 797 2159 ‘Pittheia
829 2091 953 2176 regna'?
1003 2099 1105 2180 Atque
1136 2117 1164 2159 1.
1190 2100 1252 2158 108
1286 2100 1367 2158 omni
1397 2099 1429 2158 vi

308 2212 438 2283 careret,
466 2207 492 2266 si
515 2226 584 2267 eum
607 2207 664 2283 ita,
691 2209 727 2266 11
749 2207 848 2266 voluit
869 2205 996 2282 Birtius,
1018 2205 1296 2281 interpretaremur.
1336 2205 1428 2264 Plane

308 2314 398 2372 aliter
431 2332 462 2373 se
494 2332 543 2373 res
575 2314 680 2389 habet,
713 2314 738 2372 11
766 2313 894 2372 Athenis
925 2311 1087 2387 epistulam
1116 2312 1240 2371 mittens
1267 2311 1425 2388 cogitatur.

312 2419 390 2478 Tum
414 2419 527 2495 optimo
550 2420 615 2478 iure
634 2422 730 2478 totam
749 2420 834 2478 illam
852 2417 1068 2477 accuratiorem
1087 2416 1171 2476 addit
1190 2416 1428 2495 descriptionem,

313 2529 379 2584 tum
405 2527 534 2601 perbene
562 2521 636 2585 ‘iam
661 2520 752 2586 nnnc'
781 2525 930 2584 Troezena
957 2524 1023 2599 ipsa
1052 2524 1152 2600 patria
1180 2525 1238 2585 eibi
1265 2527 1428 2601 gratiorem

309 2651 374 2692 esse
398 2632 543 2710 affirmat,
570 2634 681 2711 quippe
704 2633 776 2711 quia
798 2635 917 2691 amatus
939 2631 1004 2707 ipse
1026 2631 1070 2689 ibi
1092 2636 1238 2694 versetur.
1263 2663 1304 2674 -
1329 2633 1428 2709 Atque

308 2739 452 2816 cogimur,
475 2744 511 2800 ut
533 2741 578 2801 ita
599 2742 699 2800 locum
721 2740 947 2817 intellegamuS,
976 2737 1127 2815 11111111,
1151 2739 1203 2814 qui
1225 2733 1359 2815 proxime
1384 2758 1427 2798 se-

309 2848 451 2922 quuntur.
510 2847 661 2908 Narratur
691 2846 809 2906 Thesea
841 2846 946 2906 abesse
979 2848 1070 2921 atque
1100 2845 1215 2904 versari
1248 2846 1328 2921 apud
1355 2846 1429 2904 Piri-

308 2949 424 3028 thoum,
442 2955 478 3012 11
503 2984 541 2994 -
567 2953 657 3010 aliter
678 2969 799 3011 versum
825 2954 888 3011 110
910 2951 1104 3027 interpretari
1126 2969 1186 3010 111
1207 2969 1367 3026 possumus
1389 2983 1425 2992 -

309 3057 400 3116 amar
417 3057 540 3118 intersit
556 3057 679 3134 nuptiis.
716 3035 783 3116 u‘on
801 3057 897 3134 sgrar
914 3057 968 3115 soa
986 3056 1139 3133 ruspans
1161 3056 1267 3116 faena
1289 3058 1428 3132 sumitur,

307 3161 428 3223 Thesea
461 3183 529 3224 eum
556 3162 692 3222 Phaedra
720 3162 870 3222 Troezena
901 3161 1083 3240 profugisse,
1117 3181 1214 3239 neque
1240 3163 1322 3224 ullus
1350 3165 1428 3224 alius

311 3270 458 3346 epistulae
491 3272 574 3332 locus
607 3270 664 3330 hoc
695 3270 894 3345 demonstrat,
932 3269 984 3330 sed
1017 3270 1060 3328 ibi
1092 3271 1270 3330 remansisse
1304 3271 1429 3348 fingitur

314 3376 464 3454 Phaedra,
487 3379 541 3438 ubi
563 3380 653 3437 antea
670 3396 739 3437 eum
762 3377 877 3436 Theseo
901 3377 1105 3452 habitaverat,
1128 3368 1298 3458 Athenis¹).

396 3485 484 3544 Nunc
506 3503 612 3545 versus
635 3485 715 3562 ipsos
739 3484 951 3562 aggrediamur
972 3483 1066 3543 variis
1083 3482 1181 3542 modis
1198 3483 1247 3543 111
1266 3484 1428 3560 explicatos

310 3589 359 3649 111
383 3589 569 3650 emendatos:
592 3590 645 3669 IV,
669 3593 732 3653 137
758 3611 821 3670 sqq.

382 3811 409 3879 1)
428 3809 505 3866 Haec
524 3811 677 3868 admodum
695 3812 789 3881 gravis
807 3809 998 3881 discrepantia
1015 3812 1060 3866 est
1074 3811 1228 3868 Ouidianae
1248 3811 1385 3880 epistolae
1400 3814 1430 3866 et

310 3897 406 3968 Eorip.
420 3897 579 3969 Hippolyti,
600 3916 681 3968 quem
698 3899 774 3954 illiue
794 3899 902 3955 fontem
923 3915 984 3955 esse
1003 3902 1099 3955 censet
1112 3899 1218 3954 Birtiue
1232 3900 1260 3966 (l.
1272 3916 1295 3953 c.
1305 3905 1357 3955 402
1368 3902 1428 3968 sq).

309 3986 407 4056 Neque
430 4004 500 4056 quas
523 3987 606 4043 affert
627 3987 732 4042 similes
750 3986 895 4058 utriusque
913 3991 1015 4058 poetae
1035 3987 1233 4058 cogitationes,
1257 4003 1320 4042 cum
1338 4005 1428 4058 paene

307 4075 465 4132 tralaticiae
480 4076 546 4147 sint,
565 4092 628 4131 eam
642 4075 748 4134 habent
761 4073 828 4147 1111,
847 4080 879 4134 11
892 4077 1014 4133 hominis
1028 4075 1106 4133 docti
1119 4077 1238 4132 fulciant
1250 4077 1427 4133 sententiam.

310 4165 433 4221 Externa
449 4163 563 4220 fabulae
581 4163 688 4236 species
706 4164 821 4235 propius
840 4167 974 4224 accedere
992 4164 1105 4220 videtur
1123 4165 1160 4220 ad
1179 4165 1326 4236 Sophoclis
1340 4167 1428 4222 Phae-

311 4254 390 4309 dram
418 4252 608 4322 deperditam,
636 4254 669 4308 ut
694 4253 760 4310 inde
786 4255 882 4325 aliquo
909 4256 991 4311 modo
1015 4255 1137 4325 pendere
1160 4255 1302 4312 Nasonem
1324 4253 1427 4310 rectius

311 4341 400 4398 statui
418 4340 550 4396 videatur
569 4359 586 4398 a
603 4341 766 4412 Welckero,
784 4344 890 4414 griech.
909 4344 1112 4414 11111402.
