3206 4928
665 400 889 464 -21..

209 600 275 644 6666
308 583 560 643 constructionem
591 585 681 658 atque
714 582 746 642 in
772 582 925 658 proximis.
969 577 1073 660 Neque
1102 601 1173 643 vero
1200 584 1239 642 oh
1267 602 1333 642 eam

208 709 329 750 oausam
352 687 471 748 delendi
494 691 564 749 sunt
586 707 691 749 versus
716 683 824 768 10718;
852 707 973 748 necesse
997 688 1076 749 enim
1099 693 1154 766 est,
1179 708 1248 749 cum
1270 693 1332 750 tres

208 799 298 856 antea
329 795 508 856 nominatim
540 795 707 856 enumerati
739 794 800 854 sint
831 794 982 870 imbelles,
1015 795 1052 854 de
1084 795 1182 855 trihus
1216 815 1332 872 quoque

208 903 376 964 accuratius
404 903 519 978 exponi.
561 900 681 978 Optime
708 901 804 980 igitur
830 921 899 961 cum
925 901 1026 962 Riesio
1055 903 1240 962 collocantur
1264 905 1333 978 post

207 1012 324 1070 v.110.
362 1008 462 1085 Atque
485 1028 553 1069 cum
576 1008 668 1068 etiam
689 1009 792 1085 priora
814 1008 851 1068 de
870 1008 1049 1068 Telemacho
1072 1010 1166 1070 verba
1187 1008 1243 1070 hoc
1265 1010 1331 1070 loco

206 1115 366 1176 inserenda
383 1133 447 1176 6666
466 1094 743 1191 demonstraverim,
762 1095 808 1174 ita
819 1133 961 1174 versuum
980 1115 1088 1176 seriem
1102 1116 1213 1176 mutari
1231 1115 1332 1191 veliin,

128 1218 132 1226 '
209 1227 244 1282 ut
262 1223 319 1282 hoc
338 1221 440 1282 ordine
454 1241 568 1298 versus,
586 1221 745 1299 dequibus
761 1221 830 1296 dixi,
850 1239 914 1281 sese
929 1221 1092 1297 excipiant:
1115 1223 1256 1295 Sir-98,
1267 1223 1329 1282 103

210 1332 325 1405 -106,
343 1331 414 1406 109,
432 1333 502 1405 110,
520 1331 592 1405 107,
610 1330 681 1404 108,
698 1329 860 1403 99-102,
876 1329 1060 1387 111-116,

294 1436 343 1496 116
365 1435 403 1494 de
425 1435 605 1495 Telemacho
633 1439 667 1495 ut
695 1436 731 1495 de
755 1434 888 1494 omnium
911 1432 1120 1494 carissimoin
1142 1433 1241 1496 media
1264 1453 1330 1494 ora·

204 1542 287 1603 11666
310 1543 422 1602 dicitur
443 1542 542 1602 tribus
565 1540 715 1615 distichis,
743 1539 780 1598 de
808 1539 915 1600 ceteris
939 1542 971 1600 et
993 1539 1123 1614 duobus,
1145 1559 1221 1616 quae
1244 1559 1330 1616 prae·

205 1649 327 1725 cedunt,
360 1653 391 1709 61
418 1649 536 1708 duobus
560 1649 838 1723 quae·sequuntnr.
888 1645 1007 1708 Inserta
1033 1650 1135 1706 autem
1162 1651 1232 1707 6661
1260 1653 1330 1724 6661

205 1776 233 1814 6.
250 1757 291 1816 98
315 1755 407 1814 uerba
431 1748 520 1814 ‘Hinc
538 1754 674 1814 faciunt.
690 1801 696 1814 .
712 1801 719 1815 .
734 1747 846 1831 harae',
869 1773 945 1830 quae
964 1754 1123 1830 quominus
1140 1754 1328 1829 parenthesis

206 1863 386 1938 habeantur,
418 1881 487 1921 cum
514 1861 694 1922 sententiam
722 1861 834 1922 addant
860 1861 1005 1937 proximis
1031 1861 1132 1922 verbis
1160 1861 1328 1938 finitimam,

204 1967 280 2027 nihil
303 1969 407 2028 obesse
428 1971 511 2044 puto.

728 2070 797 2152 53.

293 2180 364 2256 Sed,
391 2185 427 2241 ut
457 2182 613 2242 redeamus
636 2181 675 2242 ad
697 2181 882 2258 propositam
905 2199 981 2255 rem,
1007 2181 1090 2240 illius
1113 2181 1232 2259 generis
1254 2183 1328 2242 haec

206 2287 269 2346 fere
292 2286 499 2348 additamenta
520 2307 585 2348 esse
608 2307 721 2349 censeo.
749 2320 786 2330 —
811 2288 948 2347 Primum
970 2287 1091 2364 quidem
1113 2288 1206 2346 affero
1228 2289 1327 2348 locum

204 2393 260 2469 111,
276 2397 420 2472 17—20,
443 2415 518 2472 quos
540 2414 645 2456 versus
667 2396 783 2472 primus
806 2396 889 2455 Aron
911 2393 1033 2471 quidam
1056 2394 1226 2472 Battaleus,
1248 2415 1327 2456 nunc

203 2500 347 2560 Lehrsius
371 2521 487 2578 quoque
510 2495 545 2582 (1.
560 2522 584 2563 c.
599 2523 627 2577 p.
643 2495 700 2582 53)
724 2502 820 2562 eiecit.
861 2501 959 2561 16616
978 2501 1127 2577 duplicem
1145 2501 1326 2579 deprehendi

202 2607 465 2683 interpolationem
483 2627 660 2684 persuasum
681 2607 785 2683 hahes,
809 2609 936 2668 alteram
954 2608 1161 2684 recentiorem,
1184 2627 1260 2684 quae
1279 2629 1324 2669 re-

202 2717 287 2789 petat
313 2714 492 2791 antiquioris
522 2715 710 2775 sententiam.
746 2715 795 2772 An
813 2707 953 2792 619120
982 2714 1065 2773 aliud
1087 2713 1134 2790 fit,
1161 2714 1325 2791 61616666-

202 2823 307 2880 tuntur
325 2839 360 2880 66
378 2821 481 2896 666116
498 2821 594 2880 fusius
618 2820 804 2897 explicantur
827 2821 919 2880 verba
942 2813 1035 2880 ‘volui
1059 2821 1180 2897 reverti,
1203 2820 1255 2880 sed
1277 2841 1325 2880 me

202 2928 254 3002 qui
276 2926 435 3003 prenderet
457 2927 552 2988 hostis
575 2920 674 2987 erat'?
719 2926 845 2986 Accedit
872 2927 952 3003 quod
974 2927 1028 2987 1116
1051 2945 1108 2986 666
1131 2919 1266 3002 ‘caperer
1287 2945 1324 2986 ne

202 3035 307 3092 66616
325 3027 490 3110 timebam,'
509 3052 685 3110 quocunque
703 3031 790 3093 modo
809 3036 928 3093 1661616
947 3036 1002 3108 661,
1019 3052 1207 3110 nequaquam
1221 3051 1325 3093 sanam
1425 3074 1433 3090 .

202 3139 327 3214 praebet
354 3138 543 3199 sententiam.
588 3139 692 3216 Neque
725 3139 896 3200 coniectura
923 3133 1023 3198 ‘forte’
1051 3138 1199 3198 medelam
1226 3140 1323 3200 affert.

201 3245 302 3322 Atque
334 3245 454 3305 omnino
486 3262 583 3303 sermo
610 3245 811 3322 inelegantior
837 3248 927 3320 61666
955 3243 1057 3303 durior
1084 3247 1144 3320 661,
1175 3265 1266 3321 quam
1288 3250 1323 3305 ut

201 3352 250 3412 vel
277 3352 318 3428 ei,
347 3351 398 3428 qui
422 3351 639 3425 composuitv.
661 3346 768 3429 17118,
797 3350 944 3428 assignari
973 3350 1077 3426 possit.
1120 3349 1179 3410 Sed
1207 3351 1238 3410 hi
1265 3353 1323 3428 ipsi

201 3475 304 3518 versus
327 3459 426 3519 varios
449 3460 572 3519 movent
595 3459 758 3534 scrupulos.
797 3456 864 3517 Vox
887 3456 966 3518 enim
990 3450 1109 3518 ‘hostis’
1127 3459 1210 3517 nullo
1233 3462 1321 3535 66616

200 3564 290 3623 aliter
311 3565 371 3624 nisi
392 3565 430 3624 de
453 3563 591 3626 Troianis
613 3563 749 3644 intellegi
772 3567 880 3641 potest,
903 3583 961 3641 666
985 3563 1105 3640 quidem
1126 3565 1209 3624 facto
1231 3585 1322 3641 quam

200 3671 330 3732 absurda
352 3671 633 3733 evadateententia
653 3672 747 3733 vides.
782 3672 886 3747 Neque
904 3669 1003 3731 minus
1021 3671 1190 3731 offensionis
1205 3673 1322 3747 ¹hebent

200 3797 303 3839 versus
325 3778 373 3838 illi
395 3777 471 3854 ideo,
494 3779 572 3854 quod
596 3778 810 3856 digressionem
833 3795 851 3835 6
873 3779 938 3835 1616
959 3777 1025 3836 1666
1043 3776 1172 3837 alienam
1190 3777 1234 3838 eis
1252 3798 1319 3840 666-

198 3885 288 3945 tineri
311 3884 407 3944 omnis
430 3903 531 3944 rerum
553 3885 772 3960 verborumque
795 3882 978 3944 continuatio
1001 3884 1095 3944 docet.
1137 3883 1215 3944 Nam
1234 3907 1261 3946 6.
1277 3890 1316 3946 21

200 3992 399 4053 adnectendus
423 3995 469 4052 est
492 3991 530 4050 ad
553 4009 580 4051 6.
596 3995 713 4052 7-16,

288 4097 431 4159 Eiusdem
454 4098 600 4174 epistulae
622 4115 727 4158 versus
751 4091 845 4177 87188
869 4115 930 4156 666
952 4097 1038 4158 modo
1057 4099 1215 4158 molestam
1233 4119 1318 4175 prae·

198 4205 272 4264 1661
302 4203 454 4281 proximae
486 4203 676 4282 cogitationis
707 4203 931 4282 repetitionem,
963 4204 1016 4264 sed
1042 4204 1109 4264 aliis
1137 4224 1255 4283 quoque
1283 4206 1318 4267 de

198 4311 297 4374 666616
319 4310 433 4390 optimo
455 4310 520 4372 iure
543 4331 562 4372 6
583 4311 709 4374 hehreio
732 4303 766 4392 (l
779 4329 803 4372 6.
817 4331 845 4388 6.
861 4303 918 4394 53)
941 4309 1087 4372 delentur.
