<?xml version="1.0" encoding="UTF-8"?>
<!DOCTYPE html PUBLIC "-//W3C//DTD XHTML 1.0 Transitional//EN"
    "http://www.w3.org/TR/xhtml1/DTD/xhtml1-transitional.dtd">
<html xmlns="http://www.w3.org/1999/xhtml" xml:lang="en" lang="en">
 <head>
  <title>
</title>
<meta http-equiv="Content-Type" content="text/html;charset=utf-8" />
  <meta name='ocr-system' content='tesseract 3.04.00' />
  <meta name='ocr-capabilities' content='ocr_page ocr_carea ocr_par ocr_line ocrx_word'/>
</head>
<body>
  <div class='ocr_page' id='page_1' title='image "./observationesad00petegoog_0047.png"; bbox 0 0 3206 4928; ppageno 0'>
   <div class='ocr_carea' id='block_1_1' title="bbox 717 335 931 400">
    <p class='ocr_par' dir='ltr' id='par_1_1' title="bbox 717 335 931 400">
     <span class='ocr_line' id='line_1_1' title="bbox 717 335 931 400; baseline 0 -20"><span class='ocrx_word' id='word_1_1' title='bbox 717 335 931 400; x_wconf 56' lang='lat'><strong>„33-</strong></span> 
     </span>
    </p>
   </div>
   <div class='ocr_carea' id='block_1_2' title="bbox 206 519 1233 826">
    <p class='ocr_par' dir='ltr' id='par_1_2' title="bbox 206 519 1233 826">
     <span class='ocr_line' id='line_1_2' title="bbox 206 519 495 604; baseline -0.007 -27"><span class='ocrx_word' id='word_1_2' title='bbox 206 575 217 604; x_wconf 78' lang='lat' dir='ltr'><em>s</em></span> <span class='ocrx_word' id='word_1_3' title='bbox 266 519 345 595; x_wconf 90' lang='lat' dir='ltr'><strong>XIX,</strong></span> <span class='ocrx_word' id='word_1_4' title='bbox 361 521 422 578; x_wconf 79' lang='lat'><strong>241</strong></span> <span class='ocrx_word' id='word_1_5' title='bbox 440 536 495 595; x_wconf 88' lang='lat' dir='ltr'><strong>sq.:</strong></span> 
     </span>
     <span class='ocr_line' id='line_1_3' title="bbox 424 641 1233 720; baseline -0.005 -18"><span class='ocrx_word' id='word_1_6' title='bbox 424 643 557 720; x_wconf 85' lang='lat' dir='ltr'>Longior</span> <span class='ocrx_word' id='word_1_7' title='bbox 579 641 730 700; x_wconf 90' lang='lat' dir='ltr'><strong>infirmum</strong></span> <span class='ocrx_word' id='word_1_8' title='bbox 752 661 789 701; x_wconf 89' lang='lat' dir='ltr'><strong>ne</strong></span> <span class='ocrx_word' id='word_1_9' title='bbox 812 643 905 702; x_wconf 84' lang='lat' dir='ltr'><strong>lasset</strong></span> <span class='ocrx_word' id='word_1_10' title='bbox 928 641 1059 719; x_wconf 75' lang='lat' dir='ltr'><strong>epistula</strong></span> <span class='ocrx_word' id='word_1_11' title='bbox 1083 660 1202 718; x_wconf 84' lang='lat' dir='ltr'><strong>eorpus,</strong></span> <span class='ocrx_word' id='word_1_12' title='bbox 1227 679 1233 698; x_wconf 42' lang='lat' dir='ltr'><strong>i</strong></span> 
     </span>
     <span class='ocr_line' id='line_1_4' title="bbox 471 747 1141 826; baseline -0.001 -19"><span class='ocrx_word' id='word_1_13' title='bbox 471 747 638 826; x_wconf 82' lang='lat' dir='ltr'>Clausaque</span> <span class='ocrx_word' id='word_1_14' title='bbox 661 751 802 808; x_wconf 84' lang='lat' dir='ltr'><strong>consueto</strong></span> <span class='ocrx_word' id='word_1_15' title='bbox 826 748 866 807; x_wconf 88' lang='lat' dir='ltr'><strong>sit</strong></span> <span class='ocrx_word' id='word_1_16' title='bbox 887 748 944 807; x_wconf 89' lang='lat' dir='ltr'><strong>tibi</strong></span> <span class='ocrx_word' id='word_1_17' title='bbox 967 747 1038 826; x_wconf 85' lang='lat' dir='ltr'><strong>fine,</strong></span> <span class='ocrx_word' id='word_1_18' title='bbox 1060 749 1141 808; x_wconf 86' lang='lat' dir='ltr'><strong>vale!</strong></span> 
     </span>
    </p>
   </div>
   <div class='ocr_carea' id='block_1_3' title="bbox 266 888 1390 1397">
    <p class='ocr_par' dir='ltr' id='par_1_3' title="bbox 266 888 1390 1397">
     <span class='ocr_line' id='line_1_5' title="bbox 354 888 1389 968; baseline 0 -18"><span class='ocrx_word' id='word_1_19' title='bbox 354 890 435 950; x_wconf 93' lang='lat' dir='ltr'><strong>Illud</strong></span> <span class='ocrx_word' id='word_1_20' title='bbox 458 890 621 966; x_wconf 76' lang='lat' dir='ltr'><strong>distichon,</strong></span> <span class='ocrx_word' id='word_1_21' title='bbox 649 888 728 967; x_wconf 91' lang='lat' dir='ltr'><strong>quod</strong></span> <span class='ocrx_word' id='word_1_22' title='bbox 750 908 828 949; x_wconf 88' lang='lat' dir='ltr'><strong>nunc</strong></span> <span class='ocrx_word' id='word_1_23' title='bbox 851 893 969 950; x_wconf 88' lang='lat' dir='ltr'><strong>constat</strong></span> <span class='ocrx_word' id='word_1_24' title='bbox 992 909 1057 950; x_wconf 86' lang='lat' dir='ltr'><strong>esse</strong></span> <span class='ocrx_word' id='word_1_25' title='bbox 1081 890 1112 948; x_wconf 86' lang='lat' dir='ltr'><strong>iu</strong></span> <span class='ocrx_word' id='word_1_26' title='bbox 1134 890 1301 968; x_wconf 87' lang='lat' dir='ltr'><strong>Puteaneo,</strong></span> <span class='ocrx_word' id='word_1_27' title='bbox 1329 893 1389 951; x_wconf 91' lang='lat' dir='ltr'><strong>iam</strong></span> 
     </span>
     <span class='ocr_line' id='line_1_6' title="bbox 267 990 1389 1078; baseline 0.004 -22"><span class='ocrx_word' id='word_1_28' title='bbox 267 999 304 1057; x_wconf 89' lang='lat' dir='ltr'><strong>ab</strong></span> <span class='ocrx_word' id='word_1_29' title='bbox 328 999 452 1074; x_wconf 85' lang='lat' dir='ltr'><strong>Heinsio</strong></span> <span class='ocrx_word' id='word_1_30' title='bbox 476 998 609 1056; x_wconf 90' lang='lat' dir='ltr'><strong>deletum</strong></span> <span class='ocrx_word' id='word_1_31' title='bbox 632 1000 691 1070; x_wconf 85' lang='lat' dir='ltr'><strong>est,</strong></span> <span class='ocrx_word' id='word_1_32' title='bbox 719 995 826 1056; x_wconf 91' lang='lat' dir='ltr'><strong>deinde</strong></span> <span class='ocrx_word' id='word_1_33' title='bbox 851 998 889 1056; x_wconf 95' lang='lat' dir='ltr'><strong>ab</strong></span> <span class='ocrx_word' id='word_1_34' title='bbox 913 997 980 1056; x_wconf 88' lang='lat' dir='ltr'><strong>aliis</strong></span> <span class='ocrx_word' id='word_1_35' title='bbox 997 990 1053 1078; x_wconf 62' lang='lat' dir='ltr'><strong>(ut</strong></span> <span class='ocrx_word' id='word_1_36' title='bbox 1075 1017 1093 1056; x_wconf 97' lang='lat' dir='ltr'><strong>a</strong></span> <span class='ocrx_word' id='word_1_37' title='bbox 1117 997 1265 1076; x_wconf 83' lang='lat' dir='ltr'><strong>Gruppio,</strong></span> <span class='ocrx_word' id='word_1_38' title='bbox 1293 1001 1389 1060; x_wconf 87' lang='lat' dir='ltr'><strong>Minos</strong></span> 
     </span>
     <span class='ocr_line' id='line_1_7' title="bbox 266 1095 1388 1186; baseline 0.002 -22"><span class='ocrx_word' id='word_1_39' title='bbox 266 1126 294 1180; x_wconf 90' lang='lat' dir='ltr'><strong>p.</strong></span> <span class='ocrx_word' id='word_1_40' title='bbox 310 1097 399 1184; x_wconf 80' lang='lat'><strong>462),</strong></span> <span class='ocrx_word' id='word_1_41' title='bbox 417 1105 491 1164; x_wconf 89' lang='lat' dir='ltr'><strong>haec</strong></span> <span class='ocrx_word' id='word_1_42' title='bbox 509 1105 567 1162; x_wconf 92' lang='lat' dir='ltr'><strong>duo</strong></span> <span class='ocrx_word' id='word_1_43' title='bbox 582 1123 601 1161; x_wconf 89' lang='lat' dir='ltr'><strong>a</strong></span> <span class='ocrx_word' id='word_1_44' title='bbox 615 1102 757 1180; x_wconf 86' lang='lat' dir='ltr'><strong>Diltheyo</strong></span> <span class='ocrx_word' id='word_1_45' title='bbox 776 1095 827 1184; x_wconf 81' lang='lat' dir='ltr'><strong>(de</strong></span> <span class='ocrx_word' id='word_1_46' title='bbox 842 1101 957 1162; x_wconf 79' lang='lat' dir='ltr'><strong>Gallim.</strong></span> <span class='ocrx_word' id='word_1_47' title='bbox 974 1103 1110 1181; x_wconf 82' lang='lat' dir='ltr'><strong>Cydippe</strong></span> <span class='ocrx_word' id='word_1_48' title='bbox 1125 1125 1153 1181; x_wconf 87' lang='lat' dir='ltr'><strong>p.</strong></span> <span class='ocrx_word' id='word_1_49' title='bbox 1170 1099 1257 1186; x_wconf 80' lang='lat'>147).</span> <span class='ocrx_word' id='word_1_50' title='bbox 1290 1107 1388 1186; x_wconf 85' lang='lat' dir='ltr'><strong>Atque</strong></span> 
     </span>
     <span class='ocr_line' id='line_1_8' title="bbox 270 1209 1388 1288; baseline 0.003 -19"><span class='ocrx_word' id='word_1_51' title='bbox 270 1230 338 1270; x_wconf 90' lang='lat' dir='ltr'><strong>cum</strong></span> <span class='ocrx_word' id='word_1_52' title='bbox 365 1211 455 1288; x_wconf 85' lang='lat' dir='ltr'><strong>longe</strong></span> <span class='ocrx_word' id='word_1_53' title='bbox 483 1209 606 1287; x_wconf 88' lang='lat' dir='ltr'>plurimi</span> <span class='ocrx_word' id='word_1_54' title='bbox 629 1210 654 1268; x_wconf 90' lang='lat' dir='ltr'><strong>si</strong></span> <span class='ocrx_word' id='word_1_55' title='bbox 677 1210 707 1267; x_wconf 92' lang='lat' dir='ltr'><strong>in</strong></span> <span class='ocrx_word' id='word_1_56' title='bbox 730 1211 863 1268; x_wconf 82' lang='lat' dir='ltr'><strong>extremo</strong></span> <span class='ocrx_word' id='word_1_57' title='bbox 888 1209 987 1288; x_wconf 89' lang='lat' dir='ltr'><strong>aliquo</strong></span> <span class='ocrx_word' id='word_1_58' title='bbox 1010 1210 1141 1270; x_wconf 87' lang='lat' dir='ltr'><strong>carmine</strong></span> <span class='ocrx_word' id='word_1_59' title='bbox 1164 1212 1330 1274; x_wconf 81' lang='lat' dir='ltr'><strong>afferuntur</strong></span> <span class='ocrx_word' id='word_1_60' title='bbox 1352 1213 1388 1272; x_wconf 88' lang='lat' dir='ltr'><strong>ti·</strong></span> 
     </span>
     <span class='ocr_line' id='line_1_9' title="bbox 270 1315 1390 1397; baseline 0.001 -20"><span class='ocrx_word' id='word_1_61' title='bbox 270 1319 338 1396; x_wconf 90' lang='lat' dir='ltr'><strong>tuli,</strong></span> <span class='ocrx_word' id='word_1_62' title='bbox 367 1319 418 1397; x_wconf 90' lang='lat' dir='ltr'><strong>qui</strong></span> <span class='ocrx_word' id='word_1_63' title='bbox 445 1319 494 1378; x_wconf 89' lang='lat' dir='ltr'><strong>vel</strong></span> <span class='ocrx_word' id='word_1_64' title='bbox 520 1317 552 1376; x_wconf 90' lang='lat' dir='ltr'><strong>in</strong></span> <span class='ocrx_word' id='word_1_65' title='bbox 575 1317 710 1392; x_wconf 89' lang='lat' dir='ltr'><strong>sepulcro</strong></span> <span class='ocrx_word' id='word_1_66' title='bbox 734 1315 935 1374; x_wconf 84' lang='lat' dir='ltr'><strong>inscribantur</strong></span> <span class='ocrx_word' id='word_1_67' title='bbox 961 1317 1010 1376; x_wconf 89' lang='lat' dir='ltr'><strong>vel</strong></span> <span class='ocrx_word' id='word_1_68' title='bbox 1037 1317 1122 1394; x_wconf 88' lang='lat' dir='ltr'><strong>alibi,</strong></span> <span class='ocrx_word' id='word_1_69' title='bbox 1152 1317 1320 1387; x_wconf 82' lang='lat' dir='ltr'><strong>inultimis</strong></span> <span class='ocrx_word' id='word_1_70' title='bbox 1344 1339 1390 1378; x_wconf 86' lang='lat' dir='ltr'><strong>ex-</strong></span> 
     </span>
    </p>
   </div>
   <div class='ocr_carea' id='block_1_4' title="bbox 156 1400 1398 1504">
    <p class='ocr_par' dir='ltr' id='par_1_4' title="bbox 156 1400 1398 1504">
     <span class='ocr_line' id='line_1_10' title="bbox 156 1400 1398 1504; baseline -0.001 -19"><span class='ocrx_word' id='word_1_71' title='bbox 156 1465 158 1472; x_wconf 69' lang='lat'><strong>,</strong></span> <span class='ocrx_word' id='word_1_72' title='bbox 269 1400 1398 1504; x_wconf 54' lang='lat' dir='ltr'><strong>ummmmmummuammfflmffluu</strong></span> 
     </span>
    </p>
   </div>
   <div class='ocr_carea' id='block_1_5' title="bbox 268 1522 1392 2248">
    <p class='ocr_par' dir='ltr' id='par_1_5' title="bbox 268 1522 1392 2248">
     <span class='ocr_line' id='line_1_11' title="bbox 270 1522 1391 1610; baseline -0.001 -18"><span class='ocrx_word' id='word_1_73' title='bbox 270 1535 303 1608; x_wconf 82' lang='lat'><strong>13</strong></span> <span class='ocrx_word' id='word_1_74' title='bbox 328 1531 440 1590; x_wconf 92' lang='lat' dir='ltr'><strong>anthol.</strong></span> <span class='ocrx_word' id='word_1_75' title='bbox 459 1532 512 1590; x_wconf 87' lang='lat' dir='ltr'><strong>lat.</strong></span> <span class='ocrx_word' id='word_1_76' title='bbox 531 1531 577 1589; x_wconf 89' lang='lat' dir='ltr'><strong>ed.</strong></span> <span class='ocrx_word' id='word_1_77' title='bbox 596 1528 713 1588; x_wconf 85' lang='lat' dir='ltr'><strong>Riesius</strong></span> <span class='ocrx_word' id='word_1_78' title='bbox 731 1549 761 1604; x_wconf 88' lang='lat' dir='ltr'><strong>p.</strong></span> <span class='ocrx_word' id='word_1_79' title='bbox 776 1522 842 1610; x_wconf 85' lang='lat'><strong>81),</strong></span> <span class='ocrx_word' id='word_1_80' title='bbox 866 1547 991 1606; x_wconf 90' lang='lat' dir='ltr'><strong>cumque</strong></span> <span class='ocrx_word' id='word_1_81' title='bbox 1015 1529 1090 1588; x_wconf 78' lang='lat' dir='ltr'><strong>allae</strong></span> <span class='ocrx_word' id='word_1_82' title='bbox 1114 1548 1220 1595; x_wconf 85' lang='lat' dir='ltr'><strong>causae</strong></span> <span class='ocrx_word' id='word_1_83' title='bbox 1244 1551 1320 1608; x_wconf 92' lang='lat' dir='ltr'><strong>quae</strong></span> <span class='ocrx_word' id='word_1_84' title='bbox 1338 1535 1391 1592; x_wconf 91' lang='lat' dir='ltr'><strong>aut</strong></span> 
     </span>
     <span class='ocr_line' id='line_1_12' title="bbox 269 1636 1391 1697; baseline 0.001 -1"><span class='ocrx_word' id='word_1_85' title='bbox 269 1639 306 1697; x_wconf 90' lang='lat' dir='ltr'><strong>ab</strong></span> <span class='ocrx_word' id='word_1_86' title='bbox 335 1638 402 1697; x_wconf 85' lang='lat' dir='ltr'><strong>aliis</strong></span> <span class='ocrx_word' id='word_1_87' title='bbox 429 1638 490 1696; x_wconf 88' lang='lat' dir='ltr'><strong>iam</strong></span> <span class='ocrx_word' id='word_1_88' title='bbox 515 1643 764 1696; x_wconf 78' lang='lat' dir='ltr'><strong>commemoratae</strong></span> <span class='ocrx_word' id='word_1_89' title='bbox 793 1639 863 1694; x_wconf 87' lang='lat' dir='ltr'><strong>sunt</strong></span> <span class='ocrx_word' id='word_1_90' title='bbox 890 1638 943 1695; x_wconf 85' lang='lat' dir='ltr'><strong>aut</strong></span> <span class='ocrx_word' id='word_1_91' title='bbox 965 1636 1045 1695; x_wconf 91' lang='lat' dir='ltr'><strong>locos</strong></span> <span class='ocrx_word' id='word_1_92' title='bbox 1069 1637 1118 1695; x_wconf 88' lang='lat' dir='ltr'><strong>vel</strong></span> <span class='ocrx_word' id='word_1_93' title='bbox 1143 1637 1240 1697; x_wconf 89' lang='lat' dir='ltr'><strong>obiter</strong></span> <span class='ocrx_word' id='word_1_94' title='bbox 1263 1637 1391 1697; x_wconf 88' lang='lat' dir='ltr'><strong>intuenti</strong></span> 
     </span>
     <span class='ocr_line' id='line_1_13' title="bbox 268 1727 1390 1822; baseline 0.001 -19"><span class='ocrx_word' id='word_1_95' title='bbox 268 1748 384 1821; x_wconf 86' lang='lat' dir='ltr'><strong>patent,</strong></span> <span class='ocrx_word' id='word_1_96' title='bbox 407 1743 466 1803; x_wconf 86' lang='lat' dir='ltr'><strong>tria</strong></span> <span class='ocrx_word' id='word_1_97' title='bbox 489 1743 543 1801; x_wconf 87' lang='lat' dir='ltr'><strong>illa</strong></span> <span class='ocrx_word' id='word_1_98' title='bbox 565 1742 692 1802; x_wconf 87' lang='lat' dir='ltr'><strong>disticha</strong></span> <span class='ocrx_word' id='word_1_99' title='bbox 714 1741 845 1818; x_wconf 85' lang='lat' dir='ltr'><strong>genuina</strong></span> <span class='ocrx_word' id='word_1_100' title='bbox 866 1760 926 1800; x_wconf 89' lang='lat' dir='ltr'><strong>nou</strong></span> <span class='ocrx_word' id='word_1_101' title='bbox 949 1727 1014 1800; x_wconf 83' lang='lat' dir='ltr'><strong>esse</strong></span> <span class='ocrx_word' id='word_1_102' title='bbox 1037 1745 1196 1821; x_wconf 75' lang='lat' dir='ltr'><strong>testentur,</strong></span> <span class='ocrx_word' id='word_1_103' title='bbox 1219 1763 1255 1802; x_wconf 90' lang='lat' dir='ltr'><strong>ea</strong></span> <span class='ocrx_word' id='word_1_104' title='bbox 1278 1745 1390 1822; x_wconf 88' lang='lat' dir='ltr'><strong>optimo</strong></span> 
     </span>
     <span class='ocr_line' id='line_1_14' title="bbox 268 1841 1389 1930; baseline 0.003 -21"><span class='ocrx_word' id='word_1_105' title='bbox 268 1853 333 1910; x_wconf 90' lang='lat' dir='ltr'><strong>iure</strong></span> <span class='ocrx_word' id='word_1_106' title='bbox 361 1850 427 1918; x_wconf 82' lang='lat' dir='ltr'><strong>eiici</strong></span> <span class='ocrx_word' id='word_1_107' title='bbox 454 1852 536 1926; x_wconf 92' lang='lat' dir='ltr'><strong>puto.</strong></span> <span class='ocrx_word' id='word_1_108' title='bbox 587 1841 772 1929; x_wconf 63' lang='lat' dir='ltr'><strong>Vahlenuss)</strong></span> <span class='ocrx_word' id='word_1_109' title='bbox 800 1847 874 1906; x_wconf 92' lang='lat' dir='ltr'><strong>illud</strong></span> <span class='ocrx_word' id='word_1_110' title='bbox 907 1867 951 1924; x_wconf 93' lang='lat' dir='ltr'><strong>ep.</strong></span> <span class='ocrx_word' id='word_1_111' title='bbox 977 1845 1047 1906; x_wconf 88' lang='lat' dir='ltr'><strong>XIX</strong></span> <span class='ocrx_word' id='word_1_112' title='bbox 1075 1849 1216 1910; x_wconf 90' lang='lat' dir='ltr'><strong>ultimum</strong></span> <span class='ocrx_word' id='word_1_113' title='bbox 1243 1851 1389 1930; x_wconf 84' lang='lat' dir='ltr'><strong>distichon</strong></span> 
     </span>
     <span class='ocr_line' id='line_1_15' title="bbox 269 1953 1389 2034; baseline 0.002 -18"><span class='ocrx_word' id='word_1_114' title='bbox 269 1959 306 2018; x_wconf 92' lang='lat' dir='ltr'><strong>de</strong></span> <span class='ocrx_word' id='word_1_115' title='bbox 334 1977 370 2016; x_wconf 91' lang='lat' dir='ltr'><strong>ea</strong></span> <span class='ocrx_word' id='word_1_116' title='bbox 397 1974 486 2015; x_wconf 90' lang='lat' dir='ltr'><strong>causa</strong></span> <span class='ocrx_word' id='word_1_117' title='bbox 512 1975 572 2014; x_wconf 90' lang='lat' dir='ltr'><strong>non</strong></span> <span class='ocrx_word' id='word_1_118' title='bbox 596 1975 661 2015; x_wconf 87' lang='lat' dir='ltr'><strong>esse</strong></span> <span class='ocrx_word' id='word_1_119' title='bbox 684 1953 842 2013; x_wconf 87' lang='lat' dir='ltr'><strong>delendum</strong></span> <span class='ocrx_word' id='word_1_120' title='bbox 866 1957 979 2030; x_wconf 92' lang='lat' dir='ltr'><strong>censet,</strong></span> <span class='ocrx_word' id='word_1_121' title='bbox 1006 1956 1085 2033; x_wconf 91' lang='lat' dir='ltr'><strong>quod</strong></span> <span class='ocrx_word' id='word_1_122' title='bbox 1109 1956 1261 2017; x_wconf 88' lang='lat' dir='ltr'><strong>simillima</strong></span> <span class='ocrx_word' id='word_1_123' title='bbox 1284 1959 1324 2018; x_wconf 87' lang='lat' dir='ltr'><strong>sit</strong></span> <span class='ocrx_word' id='word_1_124' title='bbox 1346 1979 1389 2034; x_wconf 92' lang='lat' dir='ltr'><strong>ep.</strong></span> 
     </span>
     <span class='ocr_line' id='line_1_16' title="bbox 271 2061 1391 2142; baseline 0.002 -19"><span class='ocrx_word' id='word_1_125' title='bbox 271 2065 326 2124; x_wconf 89' lang='lat' dir='ltr'><strong>XX</strong></span> <span class='ocrx_word' id='word_1_126' title='bbox 349 2064 492 2138; x_wconf 88' lang='lat' dir='ltr'><strong>clausula,</strong></span> <span class='ocrx_word' id='word_1_127' title='bbox 516 2082 592 2142; x_wconf 88' lang='lat' dir='ltr'><strong>quae</strong></span> <span class='ocrx_word' id='word_1_128' title='bbox 615 2063 660 2121; x_wconf 89' lang='lat' dir='ltr'><strong>illi</strong></span> <span class='ocrx_word' id='word_1_129' title='bbox 684 2063 755 2124; x_wconf 87' lang='lat' dir='ltr'><strong>sine.</strong></span> <span class='ocrx_word' id='word_1_130' title='bbox 770 2061 860 2120; x_wconf 92' lang='lat' dir='ltr'><strong>dubio</strong></span> <span class='ocrx_word' id='word_1_131' title='bbox 884 2062 1070 2138; x_wconf 86' lang='lat' dir='ltr'><strong>respondeat.</strong></span> <span class='ocrx_word' id='word_1_132' title='bbox 1108 2063 1150 2122; x_wconf 85' lang='lat' dir='ltr'><strong>At</strong></span> <span class='ocrx_word' id='word_1_133' title='bbox 1172 2063 1224 2140; x_wconf 90' lang='lat' dir='ltr'><strong>ita,</strong></span> <span class='ocrx_word' id='word_1_134' title='bbox 1247 2069 1282 2124; x_wconf 89' lang='lat' dir='ltr'><strong>ut</strong></span> <span class='ocrx_word' id='word_1_135' title='bbox 1304 2066 1338 2125; x_wconf 91' lang='lat' dir='ltr'><strong>fit</strong></span> <span class='ocrx_word' id='word_1_136' title='bbox 1360 2066 1391 2124; x_wconf 87' lang='lat' dir='ltr'><strong>iu</strong></span> 
     </span>
     <span class='ocr_line' id='line_1_17' title="bbox 270 2158 1392 2248; baseline 0.001 -18"><span class='ocrx_word' id='word_1_137' title='bbox 270 2191 315 2248; x_wconf 93' lang='lat' dir='ltr'><strong>ep.</strong></span> <span class='ocrx_word' id='word_1_138' title='bbox 329 2171 400 2230; x_wconf 92' lang='lat' dir='ltr'><strong>XIX</strong></span> <span class='ocrx_word' id='word_1_139' title='bbox 422 2171 490 2247; x_wconf 87' lang='lat' dir='ltr'><strong>fine,</strong></span> <span class='ocrx_word' id='word_1_140' title='bbox 513 2170 563 2230; x_wconf 82' lang='lat' dir='ltr'><strong>vix</strong></span> <span class='ocrx_word' id='word_1_141' title='bbox 585 2171 687 2245; x_wconf 90' lang='lat' dir='ltr'><strong>potest</strong></span> <span class='ocrx_word' id='word_1_142' title='bbox 705 2168 843 2246; x_wconf 87' lang='lat' dir='ltr'><strong>scribere,</strong></span> <span class='ocrx_word' id='word_1_143' title='bbox 866 2168 924 2228; x_wconf 72' lang='lat' dir='ltr'><strong>niti</strong></span> <span class='ocrx_word' id='word_1_144' title='bbox 948 2169 1000 2246; x_wconf 91' lang='lat' dir='ltr'><strong>qui</strong></span> <span class='ocrx_word' id='word_1_145' title='bbox 1017 2169 1079 2245; x_wconf 86' lang='lat' dir='ltr'><strong>ipse</strong></span> <span class='ocrx_word' id='word_1_146' title='bbox 1099 2169 1233 2229; x_wconf 82' lang='lat' dir='ltr'><strong>infirmus</strong></span> <span class='ocrx_word' id='word_1_147' title='bbox 1253 2173 1307 2231; x_wconf 88' lang='lat' dir='ltr'><strong>est.</strong></span> <span class='ocrx_word' id='word_1_148' title='bbox 1344 2158 1392 2230; x_wconf 84' lang='lat' dir='ltr'><strong>An</strong></span> 
     </span>
    </p>
   </div>
   <div class='ocr_carea' id='block_1_6' title="bbox 146 2268 1389 2355">
    <p class='ocr_par' dir='ltr' id='par_1_6' title="bbox 146 2268 1389 2355">
     <span class='ocr_line' id='line_1_18' title="bbox 146 2268 1389 2355; baseline 0.003 -23"><span class='ocrx_word' id='word_1_149' title='bbox 146 2277 168 2332; x_wconf 78' lang='grc'><strong>.’</strong></span> <span class='ocrx_word' id='word_1_150' title='bbox 271 2278 296 2338; x_wconf 87' lang='lat' dir='ltr'><strong>si</strong></span> <span class='ocrx_word' id='word_1_151' title='bbox 319 2279 355 2337; x_wconf 91' lang='lat' dir='ltr'><strong>de</strong></span> <span class='ocrx_word' id='word_1_152' title='bbox 379 2277 532 2355; x_wconf 81' lang='lat' dir='ltr'><strong>Cydippae</strong></span> <span class='ocrx_word' id='word_1_153' title='bbox 558 2270 692 2352; x_wconf 73' lang='lat' dir='ltr'><strong>‘conpore</strong></span> <span class='ocrx_word' id='word_1_154' title='bbox 711 2268 840 2333; x_wconf 88' lang='lat' dir='ltr'><strong>infirmo’</strong></span> <span class='ocrx_word' id='word_1_155' title='bbox 860 2275 1017 2352; x_wconf 87' lang='lat' dir='ltr'><strong>diceretur,</strong></span> <span class='ocrx_word' id='word_1_156' title='bbox 1040 2276 1262 2353; x_wconf 81' lang='lat' dir='ltr'><strong>nihihamplius</strong></span> <span class='ocrx_word' id='word_1_157' title='bbox 1282 2277 1389 2338; x_wconf 87' lang='lat' dir='ltr'><strong>adden·</strong></span> 
     </span>
    </p>
   </div>
   <div class='ocr_carea' id='block_1_7' title="bbox 270 2381 1393 2995">
    <p class='ocr_par' dir='ltr' id='par_1_7' title="bbox 270 2381 1393 2995">
     <span class='ocr_line' id='line_1_19' title="bbox 270 2381 1391 2463; baseline 0.001 -21"><span class='ocrx_word' id='word_1_158' title='bbox 270 2385 341 2442; x_wconf 91' lang='lat' dir='ltr'><strong>dum</strong></span> <span class='ocrx_word' id='word_1_159' title='bbox 366 2384 454 2443; x_wconf 84' lang='lat' dir='ltr'><strong>erat?</strong></span> <span class='ocrx_word' id='word_1_160' title='bbox 491 2383 549 2452; x_wconf 80' lang='lat' dir='ltr'><strong>Qui</strong></span> <span class='ocrx_word' id='word_1_161' title='bbox 576 2401 646 2443; x_wconf 90' lang='lat' dir='ltr'><strong>vero</strong></span> <span class='ocrx_word' id='word_1_162' title='bbox 669 2382 709 2458; x_wconf 87' lang='lat' dir='ltr'><strong>is,</strong></span> <span class='ocrx_word' id='word_1_163' title='bbox 737 2381 788 2461; x_wconf 93' lang='lat' dir='ltr'><strong>qui</strong></span> <span class='ocrx_word' id='word_1_164' title='bbox 814 2381 944 2459; x_wconf 77' lang='lat' dir='ltr'><strong>prImum</strong></span> <span class='ocrx_word' id='word_1_165' title='bbox 971 2386 1089 2442; x_wconf 86' lang='lat' dir='ltr'><strong>amatae</strong></span> <span class='ocrx_word' id='word_1_166' title='bbox 1117 2384 1245 2463; x_wconf 81' lang='lat' dir='ltr'><strong>feminac</strong></span> <span class='ocrx_word' id='word_1_167' title='bbox 1273 2384 1391 2444; x_wconf 87' lang='lat' dir='ltr'><strong>lItteras</strong></span> 
     </span>
     <span class='ocr_line' id='line_1_20' title="bbox 271 2479 1391 2568; baseline -0.001 -18"><span class='ocrx_word' id='word_1_168' title='bbox 271 2492 323 2550; x_wconf 92' lang='lat' dir='ltr'><strong>dat</strong></span> <span class='ocrx_word' id='word_1_169' title='bbox 342 2483 390 2549; x_wconf 80' lang='lat' dir='ltr'><strong>‘de</strong></span> <span class='ocrx_word' id='word_1_170' title='bbox 404 2494 539 2550; x_wconf 73' lang='lat' dir='ltr'><strong>conecclo</strong></span> <span class='ocrx_word' id='word_1_171' title='bbox 558 2489 703 2566; x_wconf 85' lang='lat' dir='ltr'><strong>epistulae</strong></span> <span class='ocrx_word' id='word_1_172' title='bbox 722 2482 791 2548; x_wconf 89' lang='lat' dir='ltr'><strong>fine’</strong></span> <span class='ocrx_word' id='word_1_173' title='bbox 810 2489 892 2566; x_wconf 93' lang='lat' dir='ltr'><strong>loqui</strong></span> <span class='ocrx_word' id='word_1_174' title='bbox 905 2490 1010 2564; x_wconf 89' lang='lat' dir='ltr'><strong>possit,</strong></span> <span class='ocrx_word' id='word_1_175' title='bbox 1027 2493 1108 2551; x_wconf 87' lang='lat' dir='ltr'><strong>certe</strong></span> <span class='ocrx_word' id='word_1_176' title='bbox 1122 2509 1182 2550; x_wconf 90' lang='lat' dir='ltr'><strong>non</strong></span> <span class='ocrx_word' id='word_1_177' title='bbox 1196 2479 1391 2568; x_wconf 83' lang='lat' dir='ltr'><strong>intellegitur.</strong></span> 
     </span>
     <span class='ocr_line' id='line_1_21' title="bbox 270 2595 1391 2675; baseline 0.001 -19"><span class='ocrx_word' id='word_1_178' title='bbox 270 2597 377 2675; x_wconf 91' lang='lat' dir='ltr'><strong>Itaque</strong></span> <span class='ocrx_word' id='word_1_179' title='bbox 405 2597 480 2656; x_wconf 85' lang='lat' dir='ltr'><strong>exile</strong></span> <span class='ocrx_word' id='word_1_180' title='bbox 508 2597 563 2655; x_wconf 94' lang='lat' dir='ltr'><strong>hoc</strong></span> <span class='ocrx_word' id='word_1_181' title='bbox 591 2595 738 2656; x_wconf 88' lang='lat' dir='ltr'><strong>distichon</strong></span> <span class='ocrx_word' id='word_1_182' title='bbox 768 2597 799 2654; x_wconf 92' lang='lat' dir='ltr'><strong>et</strong></span> <span class='ocrx_word' id='word_1_183' title='bbox 825 2615 932 2672; x_wconf 89' lang='lat' dir='ltr'><strong>parum</strong></span> <span class='ocrx_word' id='word_1_184' title='bbox 960 2597 1046 2656; x_wconf 89' lang='lat' dir='ltr'><strong>facile</strong></span> <span class='ocrx_word' id='word_1_185' title='bbox 1075 2598 1299 2674; x_wconf 76' lang='lat' dir='ltr'><strong>interpolatoris</strong></span> <span class='ocrx_word' id='word_1_186' title='bbox 1328 2617 1391 2657; x_wconf 88' lang='lat' dir='ltr'><strong>esse</strong></span> 
     </span>
     <span class='ocr_line' id='line_1_22' title="bbox 271 2703 1393 2780; baseline -0.003 -15"><span class='ocrx_word' id='word_1_187' title='bbox 271 2705 398 2765; x_wconf 84' lang='lat' dir='ltr'><strong>videtur.</strong></span> <span class='ocrx_word' id='word_1_188' title='bbox 444 2703 507 2764; x_wconf 89' lang='lat' dir='ltr'><strong>Nec</strong></span> <span class='ocrx_word' id='word_1_189' title='bbox 534 2703 644 2762; x_wconf 90' lang='lat' dir='ltr'><strong>mirum</strong></span> <span class='ocrx_word' id='word_1_190' title='bbox 672 2705 731 2780; x_wconf 88' lang='lat' dir='ltr'><strong>est,</strong></span> <span class='ocrx_word' id='word_1_191' title='bbox 756 2704 834 2780; x_wconf 90' lang='lat' dir='ltr'><strong>quod</strong></span> <span class='ocrx_word' id='word_1_192' title='bbox 862 2722 906 2779; x_wconf 89' lang='lat' dir='ltr'><strong>ep.</strong></span> <span class='ocrx_word' id='word_1_193' title='bbox 926 2704 981 2761; x_wconf 91' lang='lat' dir='ltr'><strong>XX</strong></span> <span class='ocrx_word' id='word_1_194' title='bbox 1009 2705 1160 2764; x_wconf 86' lang='lat' dir='ltr'><strong>clausulae</strong></span> <span class='ocrx_word' id='word_1_195' title='bbox 1183 2706 1393 2766; x_wconf 88' lang='lat' dir='ltr'><strong>convenienter</strong></span> 
     </span>
     <span class='ocr_line' id='line_1_23' title="bbox 271 2809 1393 2889; baseline 0 -18"><span class='ocrx_word' id='word_1_196' title='bbox 271 2812 436 2888; x_wconf 89' lang='lat' dir='ltr'><strong>composita</strong></span> <span class='ocrx_word' id='word_1_197' title='bbox 464 2813 511 2868; x_wconf 87' lang='lat' dir='ltr'><strong>est</strong></span> <span class='ocrx_word' id='word_1_198' title='bbox 536 2810 623 2886; x_wconf 90' lang='lat' dir='ltr'><strong>haec,</strong></span> <span class='ocrx_word' id='word_1_199' title='bbox 652 2809 792 2886; x_wconf 88' lang='lat' dir='ltr'><strong>quoniam</strong></span> <span class='ocrx_word' id='word_1_200' title='bbox 820 2809 883 2868; x_wconf 89' lang='lat' dir='ltr'><strong>sine</strong></span> <span class='ocrx_word' id='word_1_201' title='bbox 911 2810 1001 2869; x_wconf 93' lang='lat' dir='ltr'><strong>dubio</strong></span> <span class='ocrx_word' id='word_1_202' title='bbox 1029 2811 1069 2886; x_wconf 90' lang='lat' dir='ltr'><strong>ei,</strong></span> <span class='ocrx_word' id='word_1_203' title='bbox 1099 2811 1150 2888; x_wconf 91' lang='lat' dir='ltr'><strong>qui</strong></span> <span class='ocrx_word' id='word_1_204' title='bbox 1173 2812 1338 2889; x_wconf 87' lang='lat' dir='ltr'><strong>composuit</strong></span> <span class='ocrx_word' id='word_1_205' title='bbox 1361 2815 1393 2871; x_wconf 89' lang='lat' dir='ltr'><strong>et</strong></span> 
     </span>
     <span class='ocr_line' id='line_1_24' title="bbox 271 2915 1392 2995; baseline 0.001 -18"><span class='ocrx_word' id='word_1_206' title='bbox 271 2917 344 2977; x_wconf 91' lang='lat' dir='ltr'><strong>XIV</strong></span> <span class='ocrx_word' id='word_1_207' title='bbox 363 2921 394 2978; x_wconf 89' lang='lat' dir='ltr'><strong>ct</strong></span> <span class='ocrx_word' id='word_1_208' title='bbox 412 2917 483 2976; x_wconf 93' lang='lat' dir='ltr'><strong>XIX</strong></span> <span class='ocrx_word' id='word_1_209' title='bbox 502 2916 642 2975; x_wconf 91' lang='lat' dir='ltr'><strong>ultimum</strong></span> <span class='ocrx_word' id='word_1_210' title='bbox 660 2915 817 2994; x_wconf 84' lang='lat' dir='ltr'><strong>distichon,</strong></span> <span class='ocrx_word' id='word_1_211' title='bbox 835 2915 889 2974; x_wconf 86' lang='lat' dir='ltr'><strong>illa</strong></span> <span class='ocrx_word' id='word_1_212' title='bbox 907 2917 945 2976; x_wconf 85' lang='lat' dir='ltr'><strong>ad</strong></span> <span class='ocrx_word' id='word_1_213' title='bbox 964 2916 1141 2976; x_wconf 82' lang='lat' dir='ltr'><strong>Imitandum</strong></span> <span class='ocrx_word' id='word_1_214' title='bbox 1160 2917 1314 2995; x_wconf 80' lang='lat' dir='ltr'><strong>proposita</strong></span> <span class='ocrx_word' id='word_1_215' title='bbox 1327 2917 1392 2978; x_wconf 84' lang='lat' dir='ltr'><strong>fuit.</strong></span> 
     </span>
    </p>
   </div>
   <div class='ocr_carea' id='block_1_8' title="bbox 799 3107 864 3186">
    <p class='ocr_par' dir='ltr' id='par_1_8' title="bbox 799 3107 864 3186">
     <span class='ocr_line' id='line_1_25' title="bbox 799 3107 864 3186; baseline 0.015 -16"><span class='ocrx_word' id='word_1_216' title='bbox 799 3107 864 3186; x_wconf 69' lang='lat' dir='ltr'><strong>§I</strong></span> 
     </span>
    </p>
   </div>
   <div class='ocr_carea' id='block_1_9' title="bbox 271 3228 1416 4062">
    <p class='ocr_par' dir='ltr' id='par_1_9' title="bbox 271 3228 1416 4062">
     <span class='ocr_line' id='line_1_26' title="bbox 363 3228 1393 3318; baseline -0.001 -22"><span class='ocrx_word' id='word_1_217' title='bbox 363 3235 514 3312; x_wconf 83' lang='lat' dir='ltr'><strong>Gruppius</strong></span> <span class='ocrx_word' id='word_1_218' title='bbox 538 3228 650 3318; x_wconf 88' lang='lat' dir='ltr'><strong>(Minos</strong></span> <span class='ocrx_word' id='word_1_219' title='bbox 672 3256 700 3312; x_wconf 88' lang='lat' dir='ltr'><strong>p.</strong></span> <span class='ocrx_word' id='word_1_220' title='bbox 715 3229 907 3318; x_wconf 82' lang='grc'><strong>475-485)</strong></span> <span class='ocrx_word' id='word_1_221' title='bbox 930 3237 1042 3296; x_wconf 87' lang='lat' dir='ltr'><strong>multos</strong></span> <span class='ocrx_word' id='word_1_222' title='bbox 1065 3257 1101 3296; x_wconf 88' lang='lat' dir='ltr'><strong>ex</strong></span> <span class='ocrx_word' id='word_1_223' title='bbox 1124 3237 1276 3297; x_wconf 88' lang='lat' dir='ltr'><strong>amoribus</strong></span> <span class='ocrx_word' id='word_1_224' title='bbox 1295 3237 1393 3299; x_wconf 91' lang='lat' dir='ltr'><strong>Ovidii</strong></span> 
     </span>
     <span class='ocr_line' id='line_1_27' title="bbox 271 3337 1392 3421; baseline -0.002 -17"><span class='ocrx_word' id='word_1_225' title='bbox 271 3346 351 3405; x_wconf 89' lang='lat' dir='ltr'><strong>locos</strong></span> <span class='ocrx_word' id='word_1_226' title='bbox 380 3343 580 3412; x_wconf 86' lang='lat' dir='ltr'><strong>circumscribi</strong></span> <span class='ocrx_word' id='word_1_227' title='bbox 607 3345 685 3419; x_wconf 83' lang='lat' dir='ltr'><strong>vult,</strong></span> <span class='ocrx_word' id='word_1_228' title='bbox 715 3344 794 3421; x_wconf 90' lang='lat' dir='ltr'><strong>quod</strong></span> <span class='ocrx_word' id='word_1_229' title='bbox 822 3337 948 3402; x_wconf 88' lang='lat' dir='ltr'><strong>nimium</strong></span> <span class='ocrx_word' id='word_1_230' title='bbox 970 3343 1097 3404; x_wconf 88' lang='lat' dir='ltr'><strong>lascivas</strong></span> <span class='ocrx_word' id='word_1_231' title='bbox 1120 3345 1292 3405; x_wconf 88' lang='lat' dir='ltr'><strong>contineant</strong></span> <span class='ocrx_word' id='word_1_232' title='bbox 1314 3345 1392 3421; x_wconf 89' lang='lat' dir='ltr'><strong>cogi-</strong></span> 
     </span>
     <span class='ocr_line' id='line_1_28' title="bbox 272 3439 1392 3529; baseline 0.003 -18"><span class='ocrx_word' id='word_1_233' title='bbox 272 3451 411 3526; x_wconf 87' lang='lat' dir='ltr'><strong>tationes,</strong></span> <span class='ocrx_word' id='word_1_234' title='bbox 435 3469 511 3529; x_wconf 88' lang='lat' dir='ltr'><strong>quae</strong></span> <span class='ocrx_word' id='word_1_235' title='bbox 533 3470 593 3509; x_wconf 90' lang='lat' dir='ltr'><strong>non</strong></span> <span class='ocrx_word' id='word_1_236' title='bbox 612 3447 718 3511; x_wconf 90' lang='lat' dir='ltr'><strong>Ovidio</strong></span> <span class='ocrx_word' id='word_1_237' title='bbox 738 3449 790 3509; x_wconf 88' lang='lat' dir='ltr'><strong>sed</strong></span> <span class='ocrx_word' id='word_1_238' title='bbox 807 3451 982 3526; x_wconf 78' lang='lat' dir='ltr'><strong>posterioris</strong></span> <span class='ocrx_word' id='word_1_239' title='bbox 1002 3439 1392 3528; x_wconf 76' lang='lat' dir='ltr'><strong>aetatisinterpolatoribus</strong></span> 
     </span>
     <span class='ocr_line' id='line_1_29' title="bbox 272 3533 1416 3636; baseline 0.001 -21"><span class='ocrx_word' id='word_1_240' title='bbox 272 3533 1416 3636; x_wconf 53' lang='lat' dir='ltr'><strong>mmmmumfflmummmmmm.</strong></span> 
     </span>
     <span class='ocr_line' id='line_1_30' title="bbox 273 3662 1393 3742; baseline 0 -20"><span class='ocrx_word' id='word_1_241' title='bbox 273 3666 337 3724; x_wconf 91' lang='lat' dir='ltr'><strong>loco</strong></span> <span class='ocrx_word' id='word_1_242' title='bbox 360 3684 420 3724; x_wconf 90' lang='lat' dir='ltr'><strong>non</strong></span> <span class='ocrx_word' id='word_1_243' title='bbox 439 3684 505 3724; x_wconf 86' lang='lat' dir='ltr'><strong>sum</strong></span> <span class='ocrx_word' id='word_1_244' title='bbox 523 3662 747 3740; x_wconf 82' lang='lat' dir='ltr'><strong>diiudicatums,</strong></span> <span class='ocrx_word' id='word_1_245' title='bbox 770 3681 950 3740; x_wconf 88' lang='lat' dir='ltr'><strong>quamquam</strong></span> <span class='ocrx_word' id='word_1_246' title='bbox 969 3663 1001 3722; x_wconf 91' lang='lat' dir='ltr'><strong>in</strong></span> <span class='ocrx_word' id='word_1_247' title='bbox 1018 3662 1143 3723; x_wconf 88' lang='lat' dir='ltr'><strong>delendo</strong></span> <span class='ocrx_word' id='word_1_248' title='bbox 1162 3664 1279 3742; x_wconf 86' lang='lat' dir='ltr'><strong>longius</strong></span> <span class='ocrx_word' id='word_1_249' title='bbox 1299 3683 1393 3740; x_wconf 89' lang='lat' dir='ltr'><strong>aequo</strong></span> 
     </span>
     <span class='ocr_line' id='line_1_31' title="bbox 273 3771 1392 3848; baseline 0.001 -19"><span class='ocrx_word' id='word_1_250' title='bbox 273 3790 342 3829; x_wconf 90' lang='lat' dir='ltr'><strong>eum</strong></span> <span class='ocrx_word' id='word_1_251' title='bbox 360 3772 538 3847; x_wconf 87' lang='lat' dir='ltr'><strong>processisse</strong></span> <span class='ocrx_word' id='word_1_252' title='bbox 557 3789 735 3848; x_wconf 86' lang='lat' dir='ltr'><strong>persuasum</strong></span> <span class='ocrx_word' id='word_1_253' title='bbox 752 3771 855 3830; x_wconf 87' lang='lat' dir='ltr'><strong>habeo.</strong></span> <span class='ocrx_word' id='word_1_254' title='bbox 894 3771 993 3847; x_wconf 85' lang='lat' dir='ltr'><strong>Atque</strong></span> <span class='ocrx_word' id='word_1_255' title='bbox 1008 3771 1099 3832; x_wconf 87' lang='lat' dir='ltr'><strong>etiam</strong></span> <span class='ocrx_word' id='word_1_256' title='bbox 1112 3771 1144 3832; x_wconf 90' lang='lat' dir='ltr'><strong>in</strong></span> <span class='ocrx_word' id='word_1_257' title='bbox 1158 3771 1295 3848; x_wconf 90' lang='lat' dir='ltr'><strong>epistulis</strong></span> <span class='ocrx_word' id='word_1_258' title='bbox 1309 3772 1392 3831; x_wconf 89' lang='lat' dir='ltr'><strong>hero·</strong></span> 
     </span>
     <span class='ocr_line' id='line_1_32' title="bbox 273 3878 1392 3954; baseline -0.002 -16"><span class='ocrx_word' id='word_1_259' title='bbox 273 3879 356 3938; x_wconf 92' lang='lat' dir='ltr'><strong>idum</strong></span> <span class='ocrx_word' id='word_1_260' title='bbox 378 3879 523 3938; x_wconf 89' lang='lat' dir='ltr'><strong>nonnulla</strong></span> <span class='ocrx_word' id='word_1_261' title='bbox 545 3879 597 3940; x_wconf 94' lang='lat' dir='ltr'><strong>illo</strong></span> <span class='ocrx_word' id='word_1_262' title='bbox 621 3878 719 3939; x_wconf 88' lang='lat' dir='ltr'><strong>studio</strong></span> <span class='ocrx_word' id='word_1_263' title='bbox 744 3878 847 3937; x_wconf 89' lang='lat' dir='ltr'><strong>addita</strong></span> <span class='ocrx_word' id='word_1_264' title='bbox 870 3897 937 3938; x_wconf 88' lang='lat' dir='ltr'><strong>esse</strong></span> <span class='ocrx_word' id='word_1_265' title='bbox 959 3878 1107 3954; x_wconf 83' lang='lat' dir='ltr'><strong>videntur,</strong></span> <span class='ocrx_word' id='word_1_266' title='bbox 1131 3879 1184 3938; x_wconf 90' lang='lat' dir='ltr'><strong>sed</strong></span> <span class='ocrx_word' id='word_1_267' title='bbox 1205 3897 1266 3938; x_wconf 93' lang='lat' dir='ltr'><strong>non</strong></span> <span class='ocrx_word' id='word_1_268' title='bbox 1285 3879 1392 3954; x_wconf 87' lang='lat' dir='ltr'><strong>omnia,</strong></span> 
     </span>
     <span class='ocr_line' id='line_1_33' title="bbox 274 3983 1392 4062; baseline 0.003 -19"><span class='ocrx_word' id='word_1_269' title='bbox 274 4004 349 4062; x_wconf 88' lang='lat' dir='ltr'><strong>quac</strong></span> <span class='ocrx_word' id='word_1_270' title='bbox 372 3985 501 4046; x_wconf 88' lang='lat' dir='ltr'><strong>fortasse</strong></span> <span class='ocrx_word' id='word_1_271' title='bbox 524 3985 577 4044; x_wconf 92' lang='lat' dir='ltr'><strong>illa</strong></span> <span class='ocrx_word' id='word_1_272' title='bbox 600 3985 637 4044; x_wconf 92' lang='lat' dir='ltr'><strong>de</strong></span> <span class='ocrx_word' id='word_1_273' title='bbox 660 4002 749 4044; x_wconf 89' lang='lat' dir='ltr'><strong>causa</strong></span> <span class='ocrx_word' id='word_1_274' title='bbox 773 3985 940 4062; x_wconf 84' lang='lat' dir='ltr'><strong>offendunt,</strong></span> <span class='ocrx_word' id='word_1_275' title='bbox 965 3984 1071 4045; x_wconf 78' lang='lat' dir='ltr'><strong>Ouidio</strong></span> <span class='ocrx_word' id='word_1_276' title='bbox 1094 3983 1292 4046; x_wconf 88' lang='lat' dir='ltr'><strong>abiudicauda</strong></span> <span class='ocrx_word' id='word_1_277' title='bbox 1315 3987 1392 4047; x_wconf 83' lang='lat' dir='ltr'><strong>sunt.</strong></span> 
     </span>
    </p>
   </div>
   <div class='ocr_carea' id='block_1_10' title="bbox 276 4169 1392 4334">
    <p class='ocr_par' dir='ltr' id='par_1_10' title="bbox 276 4169 1392 4334">
     <span class='ocr_line' id='line_1_34' title="bbox 349 4169 1392 4244; baseline 0 -16"><span class='ocrx_word' id='word_1_278' title='bbox 349 4177 374 4244; x_wconf 88' lang='lat'><strong>1)</strong></span> <span class='ocrx_word' id='word_1_279' title='bbox 395 4173 499 4229; x_wconf 82' lang='lat' dir='ltr'><strong>‘Ueber</strong></span> <span class='ocrx_word' id='word_1_280' title='bbox 517 4173 563 4228; x_wconf 89' lang='lat' dir='ltr'><strong>die</strong></span> <span class='ocrx_word' id='word_1_281' title='bbox 581 4172 711 4242; x_wconf 78' lang='lat' dir='ltr'><strong>Anf‘ange</strong></span> <span class='ocrx_word' id='word_1_282' title='bbox 730 4172 780 4226; x_wconf 90' lang='lat' dir='ltr'><strong>der</strong></span> <span class='ocrx_word' id='word_1_283' title='bbox 793 4173 934 4228; x_wconf 89' lang='lat' dir='ltr'><strong>Heroiden</strong></span> <span class='ocrx_word' id='word_1_284' title='bbox 954 4172 1002 4228; x_wconf 87' lang='lat' dir='ltr'><strong>des</strong></span> <span class='ocrx_word' id='word_1_285' title='bbox 1018 4169 1111 4238; x_wconf 85' lang='lat' dir='ltr'><strong>Ovid&#39;,</strong></span> <span class='ocrx_word' id='word_1_286' title='bbox 1131 4171 1180 4241; x_wconf 88' lang='lat' dir='ltr'><strong>qni</strong></span> <span class='ocrx_word' id='word_1_287' title='bbox 1194 4171 1306 4229; x_wconf 87' lang='lat' dir='ltr'><strong>libellus</strong></span> <span class='ocrx_word' id='word_1_288' title='bbox 1320 4191 1392 4228; x_wconf 88' lang='lat' dir='ltr'><strong>scor·</strong></span> 
     </span>
     <span class='ocr_line' id='line_1_35' title="bbox 276 4259 1347 4334; baseline 0 -15"><span class='ocrx_word' id='word_1_289' title='bbox 276 4281 339 4319; x_wconf 88' lang='lat' dir='ltr'><strong>sum</strong></span> <span class='ocrx_word' id='word_1_290' title='bbox 359 4263 450 4318; x_wconf 86' lang='lat' dir='ltr'><strong>editus</strong></span> <span class='ocrx_word' id='word_1_291' title='bbox 470 4265 512 4320; x_wconf 87' lang='lat' dir='ltr'><strong>est</strong></span> <span class='ocrx_word' id='word_1_292' title='bbox 531 4280 564 4319; x_wconf 88' lang='lat' dir='ltr'><strong>ex</strong></span> <span class='ocrx_word' id='word_1_293' title='bbox 584 4262 790 4318; x_wconf 86' lang='lat' dir='ltr'><strong>commentariis</strong></span> <span class='ocrx_word' id='word_1_294' title='bbox 809 4263 903 4334; x_wconf 79' lang='lat' dir='ltr'><strong>regiae</strong></span> <span class='ocrx_word' id='word_1_295' title='bbox 921 4261 964 4317; x_wconf 91' lang='lat' dir='ltr'><strong>lit.</strong></span> <span class='ocrx_word' id='word_1_296' title='bbox 984 4259 1145 4319; x_wconf 83' lang='lat' dir='ltr'><strong>academiae</strong></span> <span class='ocrx_word' id='word_1_297' title='bbox 1163 4263 1254 4320; x_wconf 86' lang='lat' dir='ltr'><strong>Berol.</strong></span> <span class='ocrx_word' id='word_1_298' title='bbox 1272 4267 1347 4319; x_wconf 89' lang='lat'>1881.</span> 
     </span>
    </p>
   </div>
   <div class='ocr_carea' id='block_1_11' title="bbox 0 0 1615 4928">
    <p class='ocr_par' dir='ltr' id='par_1_11' title="bbox 0 0 1615 4928">
     <span class='ocr_line' id='line_1_36' title="bbox 0 0 1615 4928; baseline 0 0"><span class='ocrx_word' id='word_1_299' title='bbox 0 0 1615 4928; x_wconf 95' lang='lat' dir='ltr'><strong> </strong></span> 
     </span>
    </p>
   </div>
  </div>
 </body>
</html>
