3206 4928
659 407 871 470 „27..

294 590 423 650 Versum
449 593 526 666 137,
555 593 591 649 ut
613 588 753 650 inlibris
781 593 840 666 est,
867 591 951 650 varie
979 589 1136 650 defendere
1164 591 1326 650 voluerunt

189 689 340 756 *homines
363 697 453 774 docti,
476 696 528 756 sed
552 715 654 756 omnes
672 697 937 772 interpretationes
956 717 1025 757 eum
1043 698 1131 773 plane
1150 700 1325 773 corruptum

205 822 270 864 esse
293 802 492 864 testabantur.
537 804 633 880 Nunc,
656 806 693 862 ut
715 806 830 862 ceteras
853 803 993 862 omittam
1016 805 1216 880 coniecturas,
1243 805 1324 880 inge-

203 911 288 970 niose
311 910 469 970 Palmerus
477 902 500 987 ¹)
524 910 672 970 medelam
695 909 867 970 adhibuisse
891 913 945 969 aut
967 913 1047 970 certe
1071 911 1183 972 iustam
1211 915 1324 988 aptem-

205 1037 263 1096 que
287 1017 467 1077 sententiam
491 1017 594 1076 versui
615 1016 757 1076 intulisse
779 1015 901 1076 videtur
923 1015 978 1076 ita:

296 1119 370 1184 ‘Nec
393 1125 479 1184 labor
503 1126 549 1183 est
571 1123 669 1183 celare
693 1154 735 1164 -
758 1123 831 1182 licet
854 1142 1012 1199 peccemus
1038 1155 1076 1166 —-
1101 1118 1255 1184 amorem'.

205 1232 388 1308 Expositura
418 1231 513 1308 igitur
545 1233 592 1290 est
624 1229 761 1289 Phaedra
794 1230 864 1289 sibi,
883 1233 914 1289 et
946 1229 1112 1307 Hippolyto
1151 1232 1242 1290 licere
1278 1249 1325 1290 co-

205 1356 272 1396 ram
295 1338 433 1398 omnibus
456 1338 535 1396 inter
558 1356 589 1397 se
613 1355 724 1410 amare,
747 1337 889 1414 quoniam
912 1337 1032 1414 cognati
1051 1339 1234 1415 siut,.atque
1252 1337 1326 1396 haec

206 1445 336 1520 explicat
357 1465 385 1505 1.
411 1445 585 1504 137--140
609 1445 641 1502 11
666 1444 738 1519 145,
763 1445 836 1502 146.
878 1442 991 1503 Versus
1017 1446 1089 1520 141,
1115 1443 1325 1504 1421111111-

207 1551 327 1627 scripsit
347 1550 610 1627 Shuckburghius;
633 1567 729 1626 neque
748 1549 862 1626 dubito,
885 1550 967 1627 quin,
990 1534 1070 1628 quod
1092 1551 1237 1627 praebent
1261 1569 1325 1611 sen-

207 1657 335 1716 tentiam
358 1657 464 1716 tritam
487 1637 521 1715 11
545 1639 702 1732 vulgarem
726 1658 756 1714 et
779 1674 797 1713 1
819 1658 884 1715 1111
907 1657 972 1716 1111
995 1658 1083 1734 plane
1107 1659 1248 1734 alienam,
1277 1657 1326 1716 de·

207 1763 289 1822 leudi
317 1763 386 1822 sint.
431 1761 500 1822 Non
527 1778 598 1820 sane
626 1761 780 1822 illustrare
808 1763 876 1822 vult
901 1767 1005 1841 poeta,
1032 1783 1109 1840 1111
1132 1763 1326 1825 difficultates

207 1870 380 1930 subeundae
409 1889 470 1929 non
497 1869 754 1928 1111111111-
778 1869 882 1949 Neque
906 1879 977 1932 vero
1000 1891 1027 1932 1.
1055 1874 1126 1948 143,
1153 1874 1214 1932 144
1237 1872 1327 1932 liberi

207 1981 278 2037 sunt
300 1997 319 2036 1
342 1977 522 2054 suspicione:
546 1978 607 2054 illc,
631 1954 711 2055 qdod
733 1996 793 2036 non
816 1997 877 2036 una
899 1979 930 2038 in
954 1979 1131 2038 demotum
1150 1979 1325 2066 111111111-

207 2093 279 2162 que,
311 2084 372 2160 hic,
405 2073 485 2162 quod
516 2085 639 2143 minime
673 2102 710 2142 ex
742 2083 903 2161 Hippolyti
933 2087 1044 2145 natura
1075 2085 1172 2146 dictus
1205 2090 1252 2146 est
1275 2081 1325 2166 (cf.

208 2195 249 2252 73
274 2210 318 2268 sq.
343 2193 405 2251 165
430 2209 474 2269 11.
500 2185 586 2272 173).
623 2191 724 2268 Atque
748 2192 841 2252 etiam
863 2193 960 2270 magis
983 2194 1089 2270 forma,
1111 2213 1171 2269 111
1192 2195 1325 2254 vestiun-

206 2301 257 2358 tur
284 2298 495 2376 cogitationes,
525 2301 571 2358 est
599 2298 684 2358 exilis
712 2299 832 2376 ingenii.
882 2301 960 2360 Nam
988 2300 1047 2360 etsi
1078 2300 1159 2376 apud
1186 2298 1328 2361 Ovidium
1452 2383 1454 2386 Ι
1481 2327 1483 2331 ·

207 2408 372 2482 appareant
394 2423 513 2480 versus,
536 2405 589 2481 qui
611 2405 643 2463 in
666 2405 762 2465 altera
784 2410 871 2482 parte
894 2407 1003 2483 prioris
1025 2407 1119 2467 verba
1140 2407 1191 2467 vix
1208 2410 1327 2468 mutata

206 2515 353 2590 repetant,
377 2512 453 2572 tales
476 2531 580 2573 versus
604 2510 680 2571 duos
704 2530 768 2572 sese
792 2513 973 2589 excipientes
997 2533 1150 2592 nunquam
1172 2514 1281 2590 posuit.

295 2635 349 2712 Vl,
364 2638 503 2698 85—92.
527 2635 568 2694 Hi
587 2655 827 2716 quoqueversus
846 2639 1045 2714 suspicionem
1067 2641 1198 2712 movent,
1221 2657 1326 2715 quam-

206 2763 297 2823 quam
320 2763 417 2804 sermo
439 2744 491 2804 vix
513 2743 614 2804 differt
636 2745 675 2804 ab
699 2743 854 2805 Ouidiano.
913 2805 916 2810 ,

295 2851 518 2923 Enumerantur
540 2851 621 2912 enim
647 2853 745 2911 malae
768 2851 891 2912 Medeae
919 2855 1000 2912 artes
1029 2855 1119 2928 atque
1148 2871 1214 2928 eae,
1245 2855 1282 2911 ut
1309 2871 1325 2910 e

207 2979 233 3019 1.
258 2960 299 3018 83
324 2961 355 3016 11
380 2945 486 3033 9311.
509 2956 706 3034 concluditur,
730 2958 839 3035 quibus
862 2958 1024 3018 cinemerit
1042 2959 1210 3036 coniugem.
1252 2959 1325 3018 Arc·

206 3066 267 3125 tius
291 3063 370 3124 enim
393 3062 575 3122 definiuntur
598 3063 742 3124 inversu
766 3066 820 3140 931

456 3163 546 3230 ‘Male
561 3158 725 3247 'quaeritur
748 3171 850 3230 herbis
873 3217 879 3228 .
895 3217 903 3230 .
919 3216 947 3230 ..
971 3163 1075 3230 amor’.

206 3279 269 3338 Eae
292 3297 363 3338 vero
387 3275 558 3346 indicantur
580 3278 684 3353 183,
708 3278 764 3353 84,
793 3296 861 3336 cum
884 3279 1001 3336 ceterae
1030 3277 1094 3338 eius
1117 3281 1198 3336 artes
1225 3278 1326 3353 potius

206 3361 409 3461 praetermitti
440 3381 601 3444 videantur
632 3387 663 3442 et
695 3382 856 3459 significari
886 3402 972 3460 voce,
999 3377 1042 3443 ‘et
1069 3402 1146 3461 quae
1171 3383 1326 3444 nescierim

207 3485 335 3560 melius'.
384 3492 463 3550 Nam
490 3489 544 3550 ubi
569 3489 770 3566 concluditur,
803 3494 949 3567 quantum
977 3490 1143 3567 periculum
1170 3491 1326 3566 immineat

207 3599 245 3658 ab
269 3597 322 3656 illa
344 3597 449 3657 Jasoni
473 3589 647 3678 (95-98),
674 3596 745 3656 11111
774 3597 811 3657 de
835 3597 944 3675 quibus
967 3598 1133 3676 loquuntur
1156 3617 1183 3657 1.
1207 3600 1259 3674 83,
1283 3601 1324 3658 84

207 3705 413 3776 monstrantur
439 3723 467 3762 1.
498 3706 553 3779 97,
582 3705 637 3763 981
675 3705 707 3762 11
740 3722 817 3780 quae
852 3703 1004 3763 adduntur
1037 3705 1190 3781 85—92,
1221 3723 1326 3764 earum

206 3812 248 3873 ibi
277 3811 363 3870 nulla
396 3809 431 3869 fit
460 3809 581 3871 mentio.
612 3841 654 3850 —
686 3808 719 3868 Si
748 3829 820 3870 vero
853 3809 1023 3870 accuratius
1055 3810 1088 3868 in
1118 3829 1223 3870 versus
1257 3811 1325 3872 illos

207 3919 338 3978 85-92
362 3913 550 3994 inquirimus,
565 3918 708 3974 'monstra
731 3915 818 3992 quasi
840 3916 988 3992 quaedam
1006 3915 1118 3976 artium
1139 3916 1202 3976 sine
1222 3918 1325 3978 ordine

208 4025 345 4099 correpta
372 4023 404 4081 in
430 4021 473 4080 eis
500 4021 647 4082 contineri
674 4021 824 4100 videmus,
857 4041 936 4101 quae
968 4023 1039 4102 quin
1067 4041 1102 4082 ex
1130 4024 1243 4084 maiore
1272 4025 1326 4084 illa

279 4245 308 4313 1)
327 4241 426 4299 Edidit
444 4262 506 4302 eam
525 4244 716 4301 coniecturam
735 4244 932 4316 Sedlmayerus
949 4245 978 4301 iu
1002 4245 1204 4303 commentario
1229 4247 1326 4303 critico

208 4333 243 4390 ad
263 4332 356 4388 locum
374 4332 463 4389 illum.
482 4388 484 4392 .
