3206 4928
728 403 856 470 -.54
906 441 942 452 -

278 591 388 664 menta,
407 587 515 665 quibus
533 590 632 649 elucet
649 587 787 650 ultimam
805 588 967 666 epistulam
984 589 1135 667 integram
1152 587 1192 654 ab
1209 606 1270 648 uno
1283 588 1398 650 eodem-
1439 600 1448 616 '

279 714 336 772 que
354 696 519 772 profectam
539 714 604 755 esse
623 695 776 772 scriptore,
799 713 895 773 neque
913 696 1018 756 multis
1037 714 1111 774 opus
1130 698 1186 773 est,
1208 713 1305 773 neque
1322 715 1400 758 nora

277 803 412 880 prolerre
434 821 565 879 possum.

370 910 559 986 Argumenta
583 909 608 970 si
631 909 758 986 requiris
782 909 876 970 Rieeii
899 913 1148 987 sectatorumque,
1171 908 1248 968 nihil
1266 913 1400 986 apparet,

278 1017 336 1076 nisi
368 1016 446 1092 quod
478 1015 655 1076 CCXXXVI
686 1017 755 1076 illos
787 1035 893 1076 versus
925 1017 1005 1076 omni
1037 1016 1171 1076 codicum
1203 1016 1289 1076 nobis
1320 1020 1400 1077 certe

278 1127 418 1184 notorum
446 1123 625 1184 auctoritate
652 1141 753 1184 carere
782 1123 891 1184 dicunt.
942 1123 1029 1195 Quod
1061 1123 1180 1200 quidem
1209 1122 1307 1182 obiter
1336 1142 1401 1182 rem

282 1231 500 1308 attingentibus
534 1230 608 1290 satis
640 1248 733 1308 grave
760 1229 857 1290 videri
883 1234 992 1307 potest.
1043 1232 1121 1291 Nam
1148 1249 1216 1290 cum
1243 1249 1271 1290 v.
1298 1230 1344 1288 illi
1370 1230 1402 1289 in

282 1337 418 1398 omnibus
441 1337 534 1412 libris,
558 1338 609 1413 qui
626 1355 694 1397 cum
711 1337 865 1398 Puteaneo
883 1337 1035 1399 fluxerunt
1053 1355 1089 1398 ex
1108 1338 1211 1398 eodem
1230 1337 1401 1416 archetypo,

282 1445 390 1521 desint,
412 1444 499 1503 illum
517 1447 548 1504 et
570 1445 669 1520 ipsum
692 1445 747 1504 hac
769 1445 801 1503 in
823 1447 909 1520 parte
932 1445 1073 1505 mutilum
1095 1446 1189 1506 fuisse
1210 1444 1402 1506 statuendum

281 1543 335 1613 est.
400 1551 478 1622 Quid
513 1571 586 1612 vero
623 1551 798 1627 suspicionis
836 1551 909 1612 haec
945 1552 1037 1612 habet
1073 1571 1215 1613 versuum
1250 1552 1401 1612 condicio?

281 1660 386 1719 Nonne
428 1660 561 1735 ipsorum
600 1658 814 1720 Ovidianorum
855 1660 1021 1720 carminum
1058 1660 1197 1738 Sapphus
1233 1658 1402 1736 epistulam,

281 1784 462 1842 quamquam
484 1765 575 1826 nullis
598 1765 732 1826 traditur
754 1766 904 1826 codicibus
928 1770 1019 1843 atque
1043 1785 1066 1828 s.
1085 1767 1141 1826 XV
1165 1768 1284 1827 demum
1307 1784 1400 1826 emer-

281 1873 339 1950 git,
367 1873 462 1932 multo
492 1875 561 1932 aute
590 1873 733 1949 scriptam
760 1891 825 1932 esse
853 1874 990 1933 constat?
1036 1873 1140 1951 Neque
1168 1874 1228 1933 alia
1255 1873 1333 1933 ratio
1357 1874 1403 1932 est

281 1980 492 2038 consolationis
521 1978 559 2038 ad
581 1978 712 2054 Liviam,
742 1979 766 2037 si
795 1979 915 2054 quidem
942 1999 975 2038 re
1003 1998 1088 2056 vera,
1118 1980 1197 2056 quod
1220 1972 1402 2060 Hauptius¹)

282 2086 443 2164 dubitavit,
467 2077 678 2167 Huebnerus²)
702 2089 803 2146 tamen
825 2086 993 2148 rationibus
1015 2088 1116 2165 ericii,
1139 2086 1316 2164 Ovidianae,
1344 2104 1403 2146 non

282 2194 470 2272 recentioris,
493 2195 603 2256 aetatis
626 2195 679 2253 illa
702 2198 757 2255 est.

371 2299 438 2376 Sed,
461 2301 541 2377 quod
562 2301 658 2360 multo
680 2301 776 2360 maius
800 2304 855 2377 est,
878 2301 955 2361 mira
978 2302 1045 2377 ipsa
1066 2293 1187 2382 rcaio³),
1211 2319 1270 2377 qua
1292 2300 1404 2360 tradita

283 2409 330 2466 est
362 2407 415 2468 illa
447 2424 537 2483 quam
570 2406 769 2482 disceptamus
803 2407 948 2484 epistulae
980 2427 1064 2484 pars,
1096 2426 1163 2468 eam
1194 2426 1254 2467 non
1286 2408 1404 2466 demum

284 2535 306 2574 s.
330 2515 387 2572 XV
410 2532 475 2573 esse
499 2513 658 2573 conflatam
681 2514 848 2576 luculenter
871 2515 1066 2577 demonstrat.
1114 2515 1217 2576 Primo
1240 2513 1404 2574 innotuisse

282 2620 418 2682 videmus
432 2639 536 2682 versus
552 2623 671 2680 tantum
686 2621 832 2698 CXXXII,
851 2641 925 2698 quos
945 2625 1122 2700 receperunt
1139 2622 1295 2682 Parisinus
1313 2622 1405 2681 codex

284 2746 311 2785 n.
338 2730 437 2803 7991,
465 2726 720 2804 Guelferbytanus
748 2720 839 2806 (cuc.
865 2726 961 2810 297),
989 2729 1081 2791 editio
1109 2729 1247 2806 princeps
1269 2730 1405 2788 Romana

264 2826 325 2913 '(a.
340 2833 448 2912 1471),
463 2833 568 2893 deinde
588 2833 705 2893 Veneta
720 2826 760 2914 (a.
778 2829 886 2916 1474).
907 2835 993 2896 Anno
1010 2838 1093 2896 1477
1114 2835 1235 2895 demum
1253 2835 1403 2912 integram

286 2939 446 3016 epistulam
469 2939 621 2999 inventam
650 2958 715 3000 esse
742 2940 929 3018 intellegitur
956 2961 994 3001 ex
1019 2941 1176 3002 notissima
1203 2943 1256 3001 illa
1283 2941 1405 3002 editoris

284 3045 456 3106 Parmensis
479 3045 681 3108 adnotatione.
722 3047 800 3106 Nam
823 3047 904 3123 folia,
928 3049 1059 3125 quaein
1081 3048 1179 3109 codice
1203 3036 1405 3109 Laurentiano
1449 3095 1453 3101 .

286 3145 374 3232 (plut.
399 3151 525 3210 XXXVI
550 3145 607 3233 27)
635 3152 738 3212 addita
766 3155 847 3230 sunt,
875 3172 1010 3231 quaeque
1037 3157 1127 3215 antea
1154 3173 1246 3214 unum
1273 3154 1406 3216 omnium

285 3260 432 3320 librorum
458 3259 572 3320 fontem
599 3277 663 3320 esse
693 3264 841 3321 statuerat
865 3259 1075 3338 Sedlmayerus
1098 3253 1327 3344 (commorit.)
1351 3282 1405 3322 uu-

285 3359 449 3448 perrime4)
481 3367 561 3426 idem
592 3367 680 3429 homo
711 3369 816 3430 doctus
843 3367 968 3428 coniecIt
995 3387 1014 3428 a
1040 3367 1113 3427 XVI
1144 3387 1218 3430 saec.
1248 3388 1339 3428 manu
1370 3388 1406 3428 ex

286 3473 450 3550 exemplari
467 3475 567 3552 aliquo
586 3475 669 3552 typis
687 3495 826 3553 expresso
844 3459 1026 3552 transcripta
1042 3493 1115 3536 esse.
1148 3475 1301 3547 Quaenam
1315 3476 1407 3537 fuerit

287 3581 351 3641 cod.
366 3581 446 3657 Lips.
466 3574 552 3663 (bibl.
568 3582 623 3642 civ.
639 3574 696 3663 47)
719 3582 865 3657 condicio,
892 3600 960 3641 cum
982 3581 1008 3640 is
1030 3600 1108 3641 nunc
1131 3583 1226 3642 lateat
1248 3583 1332 3659 liber,
1354 3602 1405 3642 ne·

288 3688 409 3764 scimus,
439 3687 491 3748 sed
519 3689 569 3750 via
596 3688 720 3748 dubium
747 3692 806 3765 est,
834 3687 906 3766 quin
933 3688 964 3746 in
986 3688 1042 3748 hoc
1065 3688 1168 3748 eodem
1191 3690 1280 3750 modo
1302 3709 1406 3751 versus

286 3795 332 3854 illi
354 3795 527 3872 transcripti
549 3796 671 3858 fuerint.
692 3827 729 3838 -
752 3796 813 3856 Cur
835 3799 937 3856 autem
960 3795 1004 3854 illi
1024 3797 1146 3858 editoris
1165 3797 1336 3888 Parmensis
1355 3796 1406 3856 ad-

365 3985 399 4052 1),
409 3985 565 4054 Epicadion
574 3985 658 4040 Drusi
668 4003 731 4041 curn
742 3984 957 4040 commentariis.
977 3983 1051 4056 Lips.
1067 3991 1135 4042 1849
1147 3986 1259 4056 (Opusc.
1270 3988 1291 4056 1,
1301 3989 1405 4057 pall).

360 4077 387 4142 2)
407 4071 447 4126 Cf.
467 4072 583 4128 Hermes
602 4073 675 4141 XIII,
696 4079 759 4142 1453
779 4073 921 4129 Baehrens
939 4075 1041 4144 poetae
1060 4076 1109 4131 lat.
1129 4074 1195 4130 min.
1215 4077 1237 4145 1,
1256 4094 1284 4145 p.
1304 4082 1347 4132 97.

361 4163 388 4231 3)
407 4161 603 4232 Exposnerunt
615 4163 688 4217 hanc
702 4161 851 4232 Diltheyus
871 4163 906 4218 de
921 4161 991 4218 Gall.
1006 4165 1072 4232 cyd.
1086 4181 1113 4234 p.
1129 4169 1163 4246 41
1179 4183 1206 4222 n.
1223 4171 1246 4221 1.
1261 4169 1331 4235 etp.
1347 4171 1407 4236 136,

289 4249 391 4304 deinde
411 4248 608 4320 Sedlmayerus
627 4253 775 4306 comment.
795 4253 854 4310 crit.

361 4341 388 4408 4)
409 4339 448 4394 cf.
472 4337 581 4396 Wiener
599 4339 726 4408 Studien,
745 4347 770 4397 3.
784 4339 929 4412 Jahrgang
950 4345 1017 4395 1881
1037 4359 1063 4413 p.
1081 4346 1139 4396 158.
