3206 4928
725 389 942 455 „56-..

272 576 402 635 libenter
433 573 469 633 de
501 573 570 650 tali,
602 574 721 650 qualem
749 572 866 634 Riesius
895 573 947 633 alii
975 577 1126 651 statuunt,
1157 576 1240 635 fonte
1268 573 1395 650 cogitari

272 699 359 758 posse
386 680 584 740 concederem.
631 679 674 738 At
704 679 771 755 ipsa
798 679 902 740 fabula
928 680 1096 756 pertexitur
1126 683 1158 740 et
1185 681 1322 756 expletur
1350 700 1393 757 ep.

272 787 340 848 XX:
369 790 510 847 narratur
537 787 596 846 iter
623 785 789 863 Cydippae,
818 787 984 864 explicatur
1009 789 1126 864 primus
1150 789 1306 866 utriusque
1329 809 1393 849 con-

272 912 407 971 gressus,
434 894 543 954 dicitur
571 893 616 952 de¹
635 893 764 969 repetito
795 895 898 954 morbo
928 893 1093 971 Cydippae,
1121 897 1152 954 et
1180 897 1280 956 omnia
1307 917 1393 973 expo·

273 1004 386 1060 nuntur
408 1005 473 1061 tam
495 1003 576 1060 recte
600 1003 728 1078 apteque
752 1003 783 1060 et
805 1003 870 1060 tam
892 1001 992 1079 plene,
1021 1004 1056 1062 ut
1078 1002 1152 1061 haec
1180 1003 1310 1064 scribere
1336 1023 1395 1064 non

274 1108 333 1167 nisi
352 1129 421 1166 eum
438 1108 572 1183 potuisse
591 1111 744 1183 appareat,
768 1107 819 1185 qui
838 1109 1012 1184 cognoverit
1029 1108 1163 1168 fabulam
1185 1111 1282 1170 totam
1305 1113 1394 1188 atque

274 1233 341 1274 eam
362 1214 506 1289 fabulam,
530 1233 619 1291 quam
644 1215 762 1274 saeculo
782 1214 838 1272 XV
855 1214 914 1274 nisi
931 1215 998 1291 ipsa
1017 1216 1146 1291 epistula
1165 1216 1284 1276 Acontii
1302 1216 1395 1276 latina

274 1321 324 1381 vix
351 1321 487 1399 cuiquam
515 1324 619 1381 notam
652 1321 745 1380 fuisse
774 1320 966 1380 statuendum
995 1325 1049 1382 est.
1094 1323 1170 1382 Nam
1201 1327 1306 1383 auctor
1332 1324 1395 1384 eius

274 1449 334 1488 non
357 1429 457 1488 extitit
484 1429 562 1488 alter
588 1432 710 1505 praeter
738 1447 829 1488 unum
853 1428 1078 1488 Aristaenetum
1101 1422 1161 1510 (ep.
1175 1429 1199 1506 I,
1217 1423 1286 1511 10),
1314 1430 1395 1490 cuius

275 1537 362 1596 fictae
383 1535 527 1612 epistulae
547 1539 684 1596 servatae
703 1538 773 1598 sunt
786 1553 846 1594 uno
861 1535 1023 1611 exemplari
1037 1535 1269 1612 Vindobonensi,
1288 1556 1325 1596 ex
1338 1557 1395 1615 quo

275 1661 325 1702 eos
352 1643 467 1718 primus
496 1642 589 1702 edidit
611 1641 805 1702 Vindobonae
836 1623 1005 1702 Sambucus'
1030 1661 1106 1702 anno
1135 1643 1285 1702 MDLXV.
1327 1643 1396 1702 Per-

275 1751 351 1810 miro
379 1750 474 1827 igitur
495 1751 628 1826 profecto
652 1769 723 1809 casu
746 1750 859 1809 factum
883 1752 975 1824 esset,
1005 1749 1031 1808 si
1052 1749 1104 1810 ille
1126 1749 1190 1826 ipse
1213 1749 1305 1810 codex
1326 1752 1397 1810 tnnc

276 1877 312 1917 ex
338 1858 471 1917 tenebris
498 1856 698 1916 bibliothecae
726 1855 851 1914 alicuius
877 1855 1035 1932 Apulicae,
1063 1856 1140 1916 unde
1169 1875 1246 1918 anno
1269 1855 1397 1915 MDLXI

277 1964 314 2022 ab
336 1963 402 2040 ipso
423 1964 569 2024 Sambuco
593 1964 782 2039 comparatus
806 1955 894 2043 est1),
917 1965 1020 2021 erutus
1044 1963 1072 2022 ei
1096 1965 1175 2022 esset
1195 1963 1324 2038 oblatus,
1347 1962 1397 2040 qui

277 2070 454 2130 Ovidiauam
477 2070 635 2148 epistulam
659 2069 832 2129 continuare
855 2069 887 2128 in
910 2069 1008 2129 animo
1031 2069 1163 2130 haberet.

367 2177 426 2236 Sed
448 2178 503 2237 hoo
527 2177 619 2238 etiam
642 2177 668 2237 si
690 2176 755 2237 fieri
777 2176 912 2252 potuisse
934 2177 1080 2239 vellemus
1102 2176 1215 2254 largiri,
1239 2175 1308 2235 hinc
1325 2194 1396 2235 nou-

277 2286 348 2345 dum
368 2283 517 2346 credibilis
533 2283 675 2344 evaderet
688 2302 777 2344 causa
790 2281 890 2344 Riesii.
913 2283 1018 2359 Neque
1033 2283 1112 2343 enim
1126 2283 1277 2344 serviliter
1289 2282 1399 2358 pendet

278 2393 316 2452 ab
334 2391 520 2452 Aristaeneti
534 2391 663 2467 epistula
677 2391 702 2450 is
722 2389 773 2466 qui
792 2390 958 2466 composuit
975 2390 1115 2467 ultimam
1130 2409 1173 2466 ep.
1190 2388 1288 2450 Ovid:
1307 2389 1398 2449 immo

278 2500 369 2558 habet
397 2498 531 2558 fabulam
559 2496 748 2573 ampliorem,
776 2495 860 2557 addit
889 2495 1035 2572 quaedam
1063 2515 1164 2556 rerum
1187 2499 1338 2557 momenta
1360 2497 1398 2555 ab

278 2607 469 2666 Aristaeneto
498 2595 648 2683 omissa2),
676 2603 819 2664 nonnulla
846 2606 950 2663 narrat
978 2602 1168 2680 explicatius,
1201 2604 1301 2662 omnia
1329 2607 1399 2680 apta
1429 2585 1436 2598 ⁰

278 2733 313 2773 ac
331 2712 419 2772 docta
437 2729 538 2769 rerum
557 2709 650 2786 copia,
668 2729 765 2787 neque
780 2710 842 2768 ullo
861 2709 950 2769 modo
968 2713 1072 2786 peccat
1092 2711 1145 2767 aut
1165 2709 1196 2768 in
1214 2710 1304 2780 rebus
1323 2710 1397 2770 auti·

278 2819 344 2896 quie
373 2817 477 2876 autin
501 2817 600 2876 colore
626 2834 675 2891 eo,
704 2835 792 2893 quem
814 2815 922 2876 merito
945 2820 1136 2893 expectamus
1157 2815 1190 2877 in
1213 2817 1342 2892 epistula
1365 2837 1400 2876 ex

279 2927 400 2984 auctore
419 2911 621 2982 Alerandrino
641 2914 770 3004 ducta3).
809 2922 1001 2983 Admirabilis
1021 2941 1092 2982 sane
1111 2924 1142 2980 et
1160 2921 1311 2983 doctrinae
1331 2924 1398 2983 sub·

354 3081 379 3146 1)
398 3077 430 3129 ln
450 3073 552 3129 codicis
566 3073 643 3128 illius
658 3073 885 3129 Vindobonensis
900 3075 971 3144 (cod.
987 3093 1037 3130 ms.
1053 3075 1121 3144 phil.
1136 3093 1177 3145 gr.
1193 3075 1293 3145 CCCX)
1309 3075 1400 3146 prima

279 3168 384 3240 pagina
402 3165 553 3220 adnotatur
567 3164 671 3219 librum
685 3181 757 3220 anuo
773 3163 970 3220 MDLXXVIH
988 3164 1023 3219 de
1039 3164 1165 3220 Johanne
1180 3163 1320 3220 Sambuco
1339 3165 1399 3219 red-

279 3261 387 3313 emtum
406 3273 474 3324 esse,
494 3254 542 3324 qui
560 3255 619 3324 ipse
639 3271 703 3308 eum
721 3255 751 3308 in
771 3254 875 3324 Apulia
894 3271 966 3309 anno
980 3253 1096 3308 MDLXI
1111 3245 1322 3324 comparaverit.
1350 3255 1399 3309 ‘At

279 3364 333 3416 que
348 3344 512 3402 lambecius
531 3343 572 3413 (in
591 3343 745 3413 appendice
759 3345 777 3398 l.
791 3344 838 3399 Vl.
854 3343 961 3413 primae
978 3341 1244 3398 commentariorum
1258 3342 1399 3411 editionis)

280 3435 449 3491 Sambucum
468 3451 519 3488 sua
537 3449 622 3487 manu
639 3433 710 3487 haec
724 3432 899 3503 inscripsisse
917 3434 1038 3488 testatur
1056 3434 1085 3487 et
1098 3435 1211 3502 praeter
1224 3432 1305 3486 illum
1321 3434 1400 3488 Sam-

279 3525 345 3581 buci
366 3524 470 3578 librum
493 3523 580 3576 alium
599 3520 770 3576 Aristaeneti
794 3521 920 3577 codicem
938 3523 998 3576 tum
1017 3539 1073 3576 non
1096 3522 1189 3577 fuisse.
1227 3522 1322 3576 Debeo
1348 3523 1400 3576 has

230 3673 234 3680 ,
280 3609 397 3670 notitias
410 3610 518 3678 Belloio,
532 3609 733 3665 humanissimo
748 3609 902 3681 imperialis
916 3609 1105 3666 bibliothecae
1115 3609 1339 3666 vindobonensis
1352 3611 1400 3665 ad·

280 3700 472 3756 ministratori.

353 3793 382 3859 2)
401 3790 493 3844 Unum
515 3789 598 3843 huius
622 3788 663 3843 rei
687 3788 773 3844 affero
797 3790 956 3859 exemplum
978 3789 1062 3843 facile
1088 3788 1297 3859 gravissimum,
1326 3789 1401 3858 quod

283 3878 457 3950 significatur
474 3877 530 3932 iter
549 3876 692 3948 Cydippae
710 3879 761 3944 ita,
780 3879 813 3932 ut
830 3878 956 3932 Athenas
975 3876 1098 3946 patriam
1117 3876 1177 3932 eius
1197 3879 1296 3932 urbem
1315 3896 1401 3950 agno·

171 4031 173 4036 ¹
284 3985 402 4034 scamus,
432 3981 502 4034 quae
529 3966 645 4021 caedem
664 3966 740 4036 apud
759 3965 963 4028 Callimachum
987 3965 1046 4020 eius
1070 3966 1163 4036 patria
1185 3965 1310 4035 suerunt,
1338 3985 1401 4022 cum

283 4057 476 4112 Aristaenetus
503 4059 532 4110 et
555 4073 597 4125 ep.
622 4055 736 4111 Acontii
754 4055 862 4111 nullam
881 4057 1007 4110 locorum
1027 4054 1259 4124 significationem
1279 4057 1401 4113 habeant

284 4147 329 4216 (cl.
349 4145 473 4213 Dilthcy,
493 4143 528 4198 dc
548 4143 616 4200 Call.
637 4145 703 4214 Cyd.
723 4164 750 4214 p.
770 4151 805 4200 48
824 4147 885 4214 sq.).

355 4239 382 4302 3>
402 4234 442 4289 of.
455 4250 478 4287 e.
489 4251 515 4303 g.
524 4232 710 4302 veriloquium
720 4251 786 4289 vere
792 4233 1011 4288 Alexandrinum
1021 4231 1134 4286 Acontii
1143 4233 1294 4289 nominisr.
1302 4240 1400 4305 209sq.

284 4325 311 4397 (l.
319 4323 482 4395 c.p.41sq.).
500 4321 981 4392 Ceterumomniaquaeadumbravi
991 4321 1069 4376 vides
1078 4321 1402 4394 exponiaDiltheyol.l.
