3206 4928
734 361 950 427 ης*-

220 615 222 619 .
278 541 350 600 cedo
369 561 581 620 nonnunquam
598 543 845 620 interpolationes
860 545 934 604 adeo
948 563 1013 604 cum
1028 545 1165 621 genuinis
1178 548 1285 621 poetae
1300 547 1400 607 verbis

278 653 502 725 coagmentatus
518 669 591 728 esse,
607 654 642 710 ut
656 651 769 710 secerni
783 651 844 710 iam
858 655 1008 728 nequeant
1014 645 1047 732 ¹).
1071 651 1176 728 Itaque
1190 656 1271 712 certe
1286 672 1402 712 summa

278 774 344 814 curn
367 757 503 817 cautione
526 759 600 817 haee
623 777 670 817 res
694 761 741 817 est
764 757 957 834 suscipienda

365 861 501 923 Primum
533 864 764 940 haudquaquam
798 848 871 922 satis
903 864 1073 924 habendum
1105 868 1152 925 est
1179 865 1400 926 demonstrasse

277 969 332 1028 hoo
355 971 404 1029 vel
425 969 501 1029 illud
524 970 672 1030 distichon
695 969 721 1028 si
744 970 896 1029 sublatum
917 970 1017 1049 fuerit,
1040 971 1116 1030 nihil
1138 971 1299 1049 quidquam
1322 973 1399 1031 desi·

279 1075 385 1152 derari,
406 1095 505 1152 neque
523 1077 596 1135 haec
616 1075 790 1154 suspicionis
809 1076 889 1136 iusta
906 1095 996 1136 causa
1015 1080 1070 1153 est,
1094 1077 1117 1136 si
1137 1078 1189 1154 qui
1203 1059 1310 1139 horsus
1330 1082 1400 1138 sunt

277 1182 425 1258 explicatu
448 1182 592 1258 difficiles,
615 1183 725 1241 nedum
749 1183 775 1241 si
797 1181 970 1243 deformati:
993 1185 1070 1244 tales
1096 1184 1216 1260 quidem
1238 1197 1342 1245 versus
1365 1188 1401 1244 ut

276 1292 357 1348 recte
385 1289 451 1349 eiici
477 1292 595 1366 pateat,
626 1289 700 1348 alias
728 1308 833 1349 causas
861 1289 1000 1350 accedere
1027 1309 1147 1350 necesse
1176 1295 1230 1351 est.
1261 1323 1298 1334 —
1330 1291 1399 1351 Cer-

186 1418 194 1421 -
278 1395 393 1454 tissime
417 1396 649 1472 deprehenditur
672 1396 819 1456 distichon
842 1397 962 1473 aliquod
985 1398 1128 1474 spurium,
1152 1399 1178 1457 si
1197 1417 1231 1458 eo
1250 1398 1400 1457 contraria

276 1503 419 1578 proximis
443 1502 599 1563 sententiis
622 1503 724 1561 afferri
741 1506 838 1581 patet3
861 1504 992 1581 itemque
1012 1505 1037 1563 si
1056 1505 1198 1564 abhorret
1216 1523 1234 1562 a
1253 1507 1318 1564 tota
1337 1505 1399 1565 sive
1513 1539 1516 1548 ,

277 1609 416 1668 carminis
439 1609 587 1692 sive-loci
611 1609 773 1686 sententia,
800 1611 849 1669 vel
872 1611 1032 1670 verborum
1055 1611 1307 1670 continuationem
1329 1632 1397 1687 pro·

276 1716 361 1775 hibet
380 1715 545 1792 disicitque,
570 1717 618 1774 vel
637 1717 756 1774 omnino
779 1717 978 1793 cogitationis,
1003 1717 1051 1776 cui
1074 1717 1202 1793 additur,
1224 1718 1285 1777 vim
1309 1721 1398 1792 atque

278 1806 486 1880 efficacitatem
510 1824 655 1882 attenuat.
698 1821 885 1897 Quamquam
912 1823 1053 1898 quoniam
1081 1824 1143 1882 sine
1171 1823 1261 1883 dubio
1289 1824 1398 1883 eruditi

276 1927 409 1989 homines
439 1931 469 1987 et
498 1929 609 1988 versati
637 1929 668 1986 in
694 1927 805 1987 litteris
833 1929 967 2005 fuerunt,
994 1930 1046 2005 qui
1069 1928 1230 1990 Ouidianas
1253 1930 1396 2006 epistulas

276 2037 408 2094 tractare
424 2038 624 2111 susceperant,
638 2035 715 2094 tales
729 2053 835 2094 versus
849 2035 946 2093 rarius
961 2035 1086 2095 inveniri
1100 2056 1276 2111 persuasum
1291 2037 1396 2096 habea.

363 2141 478 2200 Deinde
513 2143 689 2218 plerumque
720 2141 766 2201 illi
798 2160 915 2220 quoque
947 2161 1052 2202 versus
1085 2142 1236 2203 subditioii
1266 2142 1395 2201 habendi

209 2309 218 2322 ,
275 2251 354 2324 sunt,
386 2248 438 2324 qui
466 2251 607 2324 repetunt
634 2248 859 2325 cogitationem,
890 2267 966 2324 quae
994 2250 1068 2308 satis
1096 2251 1175 2308 clare
1203 2253 1234 2309 at
1261 2250 1396 2312 absolute

275 2373 414 2430 expressa
437 2358 484 2414 est
505 2355 648 2430 proximis
670 2355 779 2423 verbis,
803 2354 934 2430 itemque
954 2355 1050 2431 siqui
1069 2355 1180 2415 diutius
1199 2357 1230 2414 in
1249 2357 1397 2416 sententia

275 2461 374 2537 aliqua
397 2461 603 2537 amplificanda
627 2464 657 2520 et
680 2460 816 2537 augenda
839 2456 1078 2536 commorantur,
1101 2462 1154 2521 ubi
1176 2463 1287 2522 iustam
1308 2463 1396 2520 husius

274 2566 318 2624 rei
341 2585 461 2626 causam
483 2569 588 2627 abesse
610 2571 703 2644 patet.
740 2568 843 2644 Neque
867 2567 946 2626 enim
964 2568 1104 2644 languide
1128 2572 1159 2628 et
1182 2568 1324 2627 distracta
1349 2546 1394 2626 ar-

274 2677 416 2749 gumenta
440 2691 494 2732 sua
517 2693 663 2751 exponere
687 2673 838 2738 Nasonem
859 2673 1050 2751 cogitandum
1074 2677 1127 2734 est.
1164 2675 1264 2751 Atque
1288 2691 1394 2751 cogno-

275 2783 398 2838 scuntur
415 2780 491 2840 tales
510 2799 614 2840 versus
638 2779 798 2838 aduulterini
818 2798 853 2838 ea
872 2798 913 2855 re,
931 2780 1011 2857 quod
1029 2780 1121 2840 verba
1139 2799 1215 2856 quae
1232 2771 1397 2857 sequuntur

256 2885 333 2944 'non
351 2886 389 2944 ad
406 2887 541 2962 proxima
560 2887 766 2961 adnectuntur,
787 2885 838 2945 sed
857 2887 895 2945 ad
912 2886 1021 2962 priora.
1039 2919 1077 2928 —-
1094 2891 1204 2944 Verum
1218 2887 1292 2945 haee
1306 2905 1394 2962 argu-

273 2996 382 3069 menta,
402 2993 428 3051 si
446 2993 510 3052 fieri
524 2996 632 3069 potest,
651 2992 788 3068 augenda
802 2996 872 3052 sunt
884 2993 1087 3070 'grammaticis
1107 2996 1138 3052 et
1155 2993 1287 3054 metricis
1303 2995 1394 3054 ratio·
1506 3051 1508 3055 ,

273 3099 368 3160 nibus.
411 3097 471 3158 Sed
493 3117 561 3158 oum
584 3101 615 3157 et
638 3101 775 3156 accurate
800 3097 911 3157 imitati
933 3097 993 3156 sint
1009 3099 1198 3174 grammatici
1217 3099 1393 3162 Ouidianum

274 3224 440 3264 sermonem
459 3209 490 3264 et
508 3205 540 3263 in
552 3205 606 3263 illa
619 3205 808 3281 potissimum
822 3203 1004 3279 quaestione,
1023 3223 1094 3263 num
1113 3204 1184 3280 quid
1198 3209 1267 3280 apte
1282 3207 1394 3265 dictum

273 3325 347 3372 csse:
361 3312 512 3388 videatur,
539 3311 699 3386 diligenter
724 3309 888 3370 cavendum
911 3309 951 3370 sit
973 3311 1072 3387 nobis,
1100 3330 1137 3370 ne
1159 3315 1262 3371 nostro
1286 3309 1393 3380 iudicio

272 3419 396 3479 nimium
419 3396 600 3492 tribuamus,
627 3435 687 3475 non
710 3417 847 3475 omnibus
870 3416 943 3475 loeis
966 3417 1019 3474 illa
1040 3415 1149 3474 indicia
1170 3421 1291 3492 praesto
1315 3421 1392 3477 sunt.

301 3521 305 3524 ’
362 3525 417 3583 His
435 3524 530 3600 igitur
547 3523 673 3601 legibus,
693 3542 767 3599 quas
785 3523 896 3599 partim
914 3499 987 3582 duee
1000 3522 1216 3598 Heynemanno
1236 3515 1287 3606 (de
1301 3525 1393 3583 inter-

271 3632 330 3709 pol.
354 3632 385 3689 in
403 3649 492 3690 carm.
511 3630 618 3690 Horat.
636 3623 717 3690 certa
739 3629 854 3689 ratione
873 3627 1077 3704 diiudicandis,
1101 3629 1170 3691 dise.
1185 3631 1271 3690 Bonn
1293 3623 1392 3711 1870)

273 3738 379 3814 statui,
406 3719 498 3797 ducti
515 3755 566 3796 eos
595 3737 769 3814 colligemus
796 3753 915 3812 uersus,
943 3735 995 3810 qui
1022 3736 1071 3795 vel
1098 3736 1165 3796 aliis
1193 3740 1224 3796 et
1248 3737 1322 3794 mihi
1344 3737 1394 3795 vel

273 3845 329 3904 soli
351 3843 425 3902 mihi
448 3844 607 3903 adulterini
630 3845 783 3919 videntur,
812 3841 950 3918 sepositis
974 3845 1076 3902 tamen
1099 3841 1289 3919 quibusdam,
1317 3860 1392 3918 quos

345 4033 370 4100 1)
389 4031 539 4099 VelusJV,
554 4031 613 4100 VH,
628 4029 702 4100 XIV,
715 4029 780 4084 XVI
798 4028 933 4100 epistulas
948 4028 1105 4085 accuratius
1119 4028 1275 4100 perlegens,
1294 4047 1392 4098 quarn-

273 4112 356 4190 quam
375 4119 406 4173 in
425 4119 614 4190 compluribus
628 4120 707 4189 locis,
726 4136 790 4174 cum
803 4117 908 4172 iustum
923 4118 1062 4174 desideres
1077 4117 1202 4172 ordinem
1216 4118 1262 4173 uel
1276 4117 1392 4174 nimiam

272 4209 465 4278 deprehendas
484 4209 698 4276 abundantiam,
721 4205 862 4275 haerebis,
887 4208 983 4262 tamen
1005 4206 1236 4275 interpolationes
1259 4208 1292 4261 ut
1316 4209 1392 4262 certa
1510 4239 1517 4248 κ
1571 4189 1572 4248 Ᾰ

271 4297 380 4353 ratione
399 4298 607 4361 discernantur,
626 4313 681 4351 non
702 4297 855 4364 continget.
