3206 4928
735 377 948 441 ..36-

282 558 364 616 Haec
387 558 460 616 satis
483 575 547 616 esse
570 560 654 635 puto,
676 560 711 617 ut
734 558 874 618 delendos
898 579 963 620 esse
987 559 1061 619 duos
1084 560 1152 618 illos
1182 578 1301 636 versus,
1331 579 1404 635 quos

282 683 360 724 nunc
385 664 597 743 Sedlmayerus
620 684 737 742 quoque
766 653 969 726 circumscribi
996 668 1063 727 vult
1090 663 1142 748 (of.
1165 669 1321 726 comment.
1341 667 1405 726 crit.

281 771 319 828 ad
342 763 393 851 1.),
418 773 580 832 statuatur.

806 911 876 990 §6

370 1038 463 1098 Aliud
489 1038 755 1114 interpolationum
787 1058 881 1114 genus
914 1041 1026 1100 talibus
1059 1039 1229 1098 continetur
1259 1038 1404 1114 versibus,

282 1143 332 1219 qui
360 1143 522 1202 celebrium
550 1144 612 1219 sive
635 1144 763 1204 Nasonis
792 1145 855 1204 sive
883 1145 961 1204 alius
987 1148 1094 1222 poetae
1118 1146 1252 1204 locorum
1274 1149 1328 1204 aut
1350 1146 1403 1204 tri-

280 1252 381 1308 tarum
404 1251 621 1310 sententiarum
645 1270 661 1309 e
684 1227 891 1311 recordatione
916 1252 1063 1330 originem
1085 1252 1206 1312 ducunt.

370 1357 496 1432 Saepius
522 1359 652 1418 formula
686 1358 814 1434 quadam
845 1377 916 1418 usus
944 1361 991 1418 est
1018 1357 1144 1419 Ovidius
1171 1359 1203 1416 in
1231 1359 1404 1434 effingendis

282 1462 533 1524 obtestationibus
563 1460 613 1545 (cf.
638 1465 677 1540 II,
698 1468 753 1542 353
781 1465 837 1542 ΙΙΙ,
859 1469 935 1541 1053
964 1465 1049 1542 VIII,
1073 1469 1134 1525 117
1142 1489 1149 1544 3
1173 1465 1241 1543 XII,
1262 1468 1316 1541 773
1343 1468 1402 1524 191

281 1569 318 1629 el.
333 1562 377 1651 1.).
423 1572 508 1630 Hanc
531 1576 650 1636 secutus
669 1571 784 1631 addidit
805 1572 914 1652 aliquis
937 1572 1006 1651 VII,
1028 1574 1088 1632 157

378 1695 425 1752 'Iu
447 1695 535 1754 modo
561 1727 598 1738 -
623 1716 677 1771 per
699 1700 827 1755 matrem
849 1696 1040 1773 fraternaque
1064 1696 1134 1773 tela,
1158 1678 1299 1772 sagittas,

422 1799 538 1876 Perque
560 1791 651 1878 fugae
674 1803 810 1880 comites,
833 1803 975 1862 Dardana
998 1821 1096 1879 sacra,
1119 1801 1198 1862 deos.
1292 1845 1294 1853 ,

280 1923 362 1982 Haec
390 1923 469 1982 enim
497 1926 522 1984 si
545 1925 726 2002 retinentur,
755 1926 823 1984 inde
851 1929 1002 1987 av.157
1032 1945 1110 1985 nova
1140 1925 1244 2001 incipit
1267 1925 1404 1984 carminis

279 2049 358 2106 pars,
381 2031 413 2088 in
435 2050 493 2106 qua
516 2032 666 2107 prioribus
690 2032 875 2109 argumentis
895 2031 973 2091 Dido
996 2051 1099 2108 preces
1123 2031 1215 2108 addit,
1238 2033 1345 2108 quibus
1369 2052 1405 2090 ex

258 2128 390 2207 ,itinere
417 2142 538 2198 revocet
565 2139 707 2199 Aeneam.
753 2139 896 2199 Lehrsius
929 2142 1031 2198 autem
1065 2158 1116 2198 eos
1149 2157 1254 2198 versus
1286 2139 1404 2197 omnino

280 2262 368 2301 sensu
401 2262 502 2303 carere
533 2244 613 2305 dicit.
658 2246 759 2322 Atque
787 2266 820 2305 re
848 2265 920 2305 vera
948 2264 1015 2305 oum
1043 2246 1174 2305 alienum
1201 2244 1340 2305 videatur
1366 2247 1403 2304 ab

226 2356 229 2361 '
280 2348 386 2409 Ouidio
414 2369 532 2424 vocem,
560 2345 763 2427 ‘fraternaque
793 2346 884 2440 tcta',¹
898 2370 988 2426 quam
1015 2351 1127 2410 nudam
1157 2371 1245 2428 saepe
1270 2355 1404 2428 usurpat,

280 2455 382 2515 addito
406 2457 551 2516 vocabulo
575 2450 726 2533 ‘sagittas'
751 2457 893 2533 explicari
915 2453 966 2538 (cf.
982 2477 1025 2534 ep.
1041 2459 1080 2532 II,
1096 2455 1154 2538 40)
1178 2463 1267 2533 atque
1289 2459 1403 2517 duobus

281 2562 443 2621 enuntiatis
472 2557 736 2638 ‘fugae'comites'
765 2565 911 2642 enarrari,
940 2564 1025 2640 quasi
1052 2583 1112 2623 non
1139 2565 1242 2624 statim
1270 2565 1404 2640 intellegi

279 2669 395 2744 possint
422 2663 574 2728 ‘Dardana
603 2665 708 2748 sacra’,
739 2691 864 2748 eumque
892 2690 996 2730 versus
1023 2673 1196 2731 159—162
1222 2671 1329 2730 melius
1353 2671 1402 2729 ad-

278 2780 438 2834 nectantur
469 2777 517 2834 ad·
539 2777 668 2854 priorem
700 2778 926 2854 cogitationem,
958 2777 1099 2838 videntur
1133 2797 1238 2838 versus
1266 2778 1311 2835 illi
1339 2797 1402 2836 esse

278 2882 510 2958 interpolatoris
833 2885 836 2890 ’

369 3008 457 3067 Alter
479 3008 560 3066 locus
585 3011 631 3066 est
649 3007 734 3085 XIII,
756 3011 916 3086 161,162,
940 3027 1013 3084 quos
1032 3027 1137 3067 versus
1159 2991 1314 3067 Palmerus
1334 3008 1401 3066 eiie-

279 3115 328 3176 cit.
377 3113 570 3191 Amplificant
606 3117 707 3174 autem
745 3115 934 3176 enuntiatum
971 3109 1037 3190 ‘per
1073 3115 1201 3174 reditum
1238 3134 1402 3191 corpusque

278 3216 375 3281 tuum'
404 3225 494 3298 atque
522 3221 553 3279 id
580 3209 766 3298 interpositis
796 3221 862 3281 aliis
886 3221 1049 3282 sententiis.
1091 3222 1254 3280 Praeterea
1278 3223 1401 3280 haeren-

279 3329 349 3386 dum
373 3332 419 3388 est
442 3329 473 3386 in
495 3348 523 3388 v.
541 3331 617 3406 161,
643 3328 784 3404 quoniam
807 3327 931 3387 Ovidius
954 3347 1107 3404 nunquam
1129 3329 1286 3404 usurpavit
1308 3328 1401 3404 parti-

278 3437 376 3494 culam
399 3430 456 3493 ‘ut'
479 3435 511 3493 in
533 3436 690 3512 sententiis
714 3435 857 3510 optativis
880 3454 934 3512 pro
964 3429 1103 3493 ‘utinam’
1126 3437 1157 3494 et
1181 3430 1210 3493 ‘o
1234 3428 1280 3494 si'.
1324 3435 1401 3492 Nam

279 3542 466 3619 Sedlmayeri
489 3543 665 3616 coniectura,
689 3543 738 3618 qui
763 3542 833 3618 poni
855 3543 952 3601 voluit
976 3535 1016 3599 ‘0'
1039 3560 1094 3618 pro
1114 3535 1180 3617 (ιη’,
1204 3561 1240 3600 ea
1258 3541 1299 3618 de
1312 3561 1402 3600 causa

206 3688 210 3693 ι
277 3669 337 3708 non
350 3650 470 3709 videtur
484 3648 577 3724 accipi
590 3667 686 3724 posse,
702 3648 782 3726 quod
796 3651 885 3723 certe,
899 3652 934 3707 ut
943 3647 1215 3722 interpretarentur
1222 3649 1401 3723 particulam

279 3751 345 3833 ‘ut',
368 3756 506 3815 librarios
530 3775 621 3833 supra
644 3755 782 3832 scripisse
806 3749 846 3815 ‘o'
871 3755 997 3830 cogitari
1018 3757 1128 3831 potest,
1151 3755 1333 3820 contrarium
1352 3756 1401 3816 vix

276 3867 385 3941 potest.
427 3863 527 3942 Atque
558 3864 650 3922 etiam
679 3863 868 3922 enuntiatum
898 3855 988 3938 ‘quod
1015 3865 1116 3921 tecum
1142 3861 1239 3936 possis
1267 3861 1332 3937 ipse
1355 3881 1400 3919 re-

277 3973 357 4030 ferre
389 3961 528 4050 (caput)',
559 3970 658 4030 nescio
693 3970 764 4046 quid
797 3969 889 4027 ieiuni
917 3972 1007 4046 atque
1035 3967 1156 4027 humilis
1184 3968 1289 4041 habet3
1321 3968 1399 4043 cogi-

276 4052 424 4138 tationum
452 4075 577 4153 denique
606 4078 678 4136 ordo
706 4076 780 4136 satis
812 4075 963 4152 displicet,
992 4075 1039 4151 ut,
1067 4074 1140 4150 quin
1166 4077 1247 4133 recte
1275 4075 1399 4132 circum·

277 4185 426 4244 scribatur
448 4184 609 4260 distichon,
633 4183 758 4242 dubium
775 4201 835 4241 non
858 4185 905 4242 sit.

366 4291 391 4348 E
406 4291 523 4367 gnomis
542 4294 641 4348 autem
662 4290 820 4349 admodum
836 4289 916 4348 tritis
937 4308 1001 4348 esse
1015 4288 1156 4347 videntur
1170 4307 1215 4364 ep.
1230 4287 1273 4345 IV
1288 4308 1313 4350 u.
1331 4291 1359 4364 4,
1371 4290 1399 4360 5,
