<?xml version="1.0" encoding="UTF-8"?>
<!DOCTYPE html PUBLIC "-//W3C//DTD XHTML 1.0 Transitional//EN"
    "http://www.w3.org/TR/xhtml1/DTD/xhtml1-transitional.dtd">
<html xmlns="http://www.w3.org/1999/xhtml" xml:lang="en" lang="en">
 <head>
  <title>
</title>
<meta http-equiv="Content-Type" content="text/html;charset=utf-8" />
  <meta name='ocr-system' content='tesseract 3.04.00' />
  <meta name='ocr-capabilities' content='ocr_page ocr_carea ocr_par ocr_line ocrx_word'/>
</head>
<body>
  <div class='ocr_page' id='page_1' title='image "./observationesad00petegoog_0017.png"; bbox 0 0 3206 4928; ppageno 0'>
   <div class='ocr_carea' id='block_1_1' title="bbox 697 368 889 430">
    <p class='ocr_par' dir='ltr' id='par_1_1' title="bbox 697 368 889 430">
     <span class='ocr_line' id='line_1_1' title="bbox 697 368 889 430; baseline 0.01 -19"><span class='ocrx_word' id='word_1_1' title='bbox 697 368 889 430; x_wconf 66' lang='lat'>-8..</span> 
     </span>
    </p>
   </div>
   <div class='ocr_carea' id='block_1_2' title="bbox 236 549 1354 1379">
    <p class='ocr_par' dir='ltr' id='par_1_2' title="bbox 236 549 1354 1379">
     <span class='ocr_line' id='line_1_2' title="bbox 325 549 1354 629; baseline 0.004 -21"><span class='ocrx_word' id='word_1_2' title='bbox 325 549 428 626; x_wconf 82' lang='lat' dir='ltr'>Neque</span> <span class='ocrx_word' id='word_1_3' title='bbox 452 568 582 626; x_wconf 90' lang='lat' dir='ltr'><strong>unquam</strong></span> <span class='ocrx_word' id='word_1_4' title='bbox 604 549 637 608; x_wconf 95' lang='lat' dir='ltr'><strong>in</strong></span> <span class='ocrx_word' id='word_1_5' title='bbox 663 550 761 610; x_wconf 87' lang='lat' dir='ltr'><strong>animo</strong></span> <span class='ocrx_word' id='word_1_6' title='bbox 784 551 876 610; x_wconf 88' lang='lat' dir='ltr'><strong>habui</strong></span> <span class='ocrx_word' id='word_1_7' title='bbox 898 570 993 628; x_wconf 87' lang='lat' dir='ltr'><strong>neque</strong></span> <span class='ocrx_word' id='word_1_8' title='bbox 1016 552 1158 628; x_wconf 87' lang='lat' dir='ltr'><strong>perficere</strong></span> <span class='ocrx_word' id='word_1_9' title='bbox 1181 551 1354 629; x_wconf 89' lang='lat' dir='ltr'><strong>potuissem,</strong></span> 
     </span>
     <span class='ocr_line' id='line_1_3' title="bbox 236 657 1354 737; baseline 0.003 -22"><span class='ocrx_word' id='word_1_10' title='bbox 236 660 270 716; x_wconf 93' lang='lat' dir='ltr'><strong>ut</strong></span> <span class='ocrx_word' id='word_1_11' title='bbox 298 657 429 716; x_wconf 91' lang='lat' dir='ltr'><strong>omnium</strong></span> <span class='ocrx_word' id='word_1_12' title='bbox 456 657 602 732; x_wconf 91' lang='lat' dir='ltr'><strong>codicum,</strong></span> <span class='ocrx_word' id='word_1_13' title='bbox 635 659 687 734; x_wconf 92' lang='lat' dir='ltr'><strong>qui</strong></span> <span class='ocrx_word' id='word_1_14' title='bbox 715 658 867 734; x_wconf 87' lang='lat' dir='ltr'><strong>aliquanto</strong></span> <span class='ocrx_word' id='word_1_15' title='bbox 883 659 987 718; x_wconf 84' lang='lat' dir='ltr'><strong>etiam</strong></span> <span class='ocrx_word' id='word_1_16' title='bbox 1014 661 1115 735; x_wconf 89' lang='lat' dir='ltr'><strong>plures</strong></span> <span class='ocrx_word' id='word_1_17' title='bbox 1146 663 1232 737; x_wconf 85' lang='lat' dir='ltr'><strong>sunt,</strong></span> <span class='ocrx_word' id='word_1_18' title='bbox 1265 679 1354 736; x_wconf 85' lang='lat' dir='ltr'><strong>quam</strong></span> 
     </span>
     <span class='ocr_line' id='line_1_4' title="bbox 237 757 1354 846; baseline 0.003 -23"><span class='ocrx_word' id='word_1_19' title='bbox 237 765 423 824; x_wconf 86' lang='lat' dir='ltr'><strong>enumeravit</strong></span> <span class='ocrx_word' id='word_1_20' title='bbox 443 757 694 846; x_wconf 79' lang='lat' dir='ltr'><strong>Seclmsysrus1),</strong></span> <span class='ocrx_word' id='word_1_21' title='bbox 718 765 884 826; x_wconf 88' lang='lat' dir='ltr'><strong>rationibus</strong></span> <span class='ocrx_word' id='word_1_22' title='bbox 906 768 1042 826; x_wconf 87' lang='lat' dir='ltr'><strong>accurate</strong></span> <span class='ocrx_word' id='word_1_23' title='bbox 1062 767 1226 844; x_wconf 88' lang='lat' dir='ltr'><strong>disquisitis</strong></span> <span class='ocrx_word' id='word_1_24' title='bbox 1244 786 1354 827; x_wconf 84' lang='lat' dir='ltr'><strong>novum</strong></span> 
     </span>
     <span class='ocr_line' id='line_1_5' title="bbox 236 872 1354 949; baseline 0.001 -18"><span class='ocrx_word' id='word_1_25' title='bbox 236 874 401 932; x_wconf 75' lang='lat' dir='ltr'><strong>statuerem</strong></span> <span class='ocrx_word' id='word_1_26' title='bbox 424 872 557 932; x_wconf 85' lang='lat' dir='ltr'><strong>codicum</strong></span> <span class='ocrx_word' id='word_1_27' title='bbox 581 875 716 949; x_wconf 89' lang='lat' dir='ltr'><strong>stemma,</strong></span> <span class='ocrx_word' id='word_1_28' title='bbox 741 873 793 932; x_wconf 91' lang='lat' dir='ltr'><strong>sed</strong></span> <span class='ocrx_word' id='word_1_29' title='bbox 815 872 851 932; x_wconf 93' lang='lat' dir='ltr'><strong>de</strong></span> <span class='ocrx_word' id='word_1_30' title='bbox 874 873 927 933; x_wconf 92' lang='lat' dir='ltr'><strong>illc</strong></span> <span class='ocrx_word' id='word_1_31' title='bbox 950 876 1069 933; x_wconf 89' lang='lat' dir='ltr'><strong>tantum</strong></span> <span class='ocrx_word' id='word_1_32' title='bbox 1092 874 1169 934; x_wconf 90' lang='lat' dir='ltr'><strong>libro</strong></span> <span class='ocrx_word' id='word_1_33' title='bbox 1188 875 1354 935; x_wconf 74' lang='lat' dir='ltr'><strong>accuratius</strong></span> 
     </span>
     <span class='ocr_line' id='line_1_6' title="bbox 236 973 1354 1061; baseline 0.004 -25"><span class='ocrx_word' id='word_1_34' title='bbox 236 979 418 1054; x_wconf 76' lang='lat' dir='ltr'><strong>quaesivisse</strong></span> <span class='ocrx_word' id='word_1_35' title='bbox 447 979 521 1039; x_wconf 89' lang='lat' dir='ltr'><strong>satis</strong></span> <span class='ocrx_word' id='word_1_36' title='bbox 548 980 658 1056; x_wconf 90' lang='lat' dir='ltr'><strong>habeo,</strong></span> <span class='ocrx_word' id='word_1_37' title='bbox 691 999 779 1055; x_wconf 92' lang='lat' dir='ltr'><strong>quem</strong></span> <span class='ocrx_word' id='word_1_38' title='bbox 807 973 966 1057; x_wconf 70' lang='lat' dir='ltr'><strong>‘insignem</strong></span> <span class='ocrx_word' id='word_1_39' title='bbox 993 975 1103 1040; x_wconf 89' lang='lat' dir='ltr'><strong>locum&#39;</strong></span> <span class='ocrx_word' id='word_1_40' title='bbox 1130 982 1209 1041; x_wconf 89' lang='lat' dir='ltr'><strong>inter</strong></span> <span class='ocrx_word' id='word_1_41' title='bbox 1241 985 1354 1061; x_wconf 91' lang='lat' dir='ltr'><strong>ceteros</strong></span> 
     </span>
     <span class='ocr_line' id='line_1_7' title="bbox 236 1086 1354 1165; baseline 0.003 -21"><span class='ocrx_word' id='word_1_42' title='bbox 236 1086 415 1146; x_wconf 79' lang='lat' dir='ltr'><strong>recentiores</strong></span> <span class='ocrx_word' id='word_1_43' title='bbox 438 1086 532 1146; x_wconf 90' lang='lat' dir='ltr'><strong>libros</strong></span> <span class='ocrx_word' id='word_1_44' title='bbox 556 1087 690 1147; x_wconf 89' lang='lat' dir='ltr'><strong>obtinere</strong></span> <span class='ocrx_word' id='word_1_45' title='bbox 714 1088 853 1148; x_wconf 85' lang='lat' dir='ltr'><strong>affirmat.</strong></span> <span class='ocrx_word' id='word_1_46' title='bbox 894 1089 1001 1164; x_wconf 88' lang='lat' dir='ltr'><strong>Itaque</strong></span> <span class='ocrx_word' id='word_1_47' title='bbox 1025 1089 1154 1148; x_wconf 86' lang='lat' dir='ltr'><strong>codicem</strong></span> <span class='ocrx_word' id='word_1_48' title='bbox 1174 1089 1354 1165; x_wconf 80' lang='lat' dir='ltr'><strong>Gissens‘em,</strong></span> 
     </span>
     <span class='ocr_line' id='line_1_8' title="bbox 236 1173 1353 1270; baseline 0.004 -20"><span class='ocrx_word' id='word_1_49' title='bbox 236 1210 303 1253; x_wconf 90' lang='lat' dir='ltr'><strong>cum</strong></span> <span class='ocrx_word' id='word_1_50' title='bbox 326 1173 398 1268; x_wconf 83' lang='lat' dir='ltr'><strong>ipsis</strong></span> <span class='ocrx_word' id='word_1_51' title='bbox 419 1192 607 1270; x_wconf 83' lang='lat' dir='ltr'><strong>Sedlmayeri</strong></span> <span class='ocrx_word' id='word_1_52' title='bbox 629 1194 742 1254; x_wconf 86' lang='lat' dir='ltr'><strong>tabulis</strong></span> <span class='ocrx_word' id='word_1_53' title='bbox 765 1194 881 1254; x_wconf 91' lang='lat' dir='ltr'><strong>collatis</strong></span> <span class='ocrx_word' id='word_1_54' title='bbox 903 1213 963 1253; x_wconf 92' lang='lat' dir='ltr'><strong>non</strong></span> <span class='ocrx_word' id='word_1_55' title='bbox 985 1213 1104 1270; x_wconf 89' lang='lat' dir='ltr'><strong>possem</strong></span> <span class='ocrx_word' id='word_1_56' title='bbox 1128 1196 1268 1256; x_wconf 82' lang='lat' dir='ltr'><strong>assentiri</strong></span> <span class='ocrx_word' id='word_1_57' title='bbox 1291 1196 1353 1255; x_wconf 90' lang='lat' dir='ltr'><strong>eius</strong></span> 
     </span>
     <span class='ocr_line' id='line_1_9' title="bbox 236 1298 1353 1379; baseline 0.004 -24"><span class='ocrx_word' id='word_1_58' title='bbox 236 1298 272 1356; x_wconf 92' lang='lat' dir='ltr'><strong>de</strong></span> <span class='ocrx_word' id='word_1_59' title='bbox 295 1299 348 1358; x_wconf 91' lang='lat' dir='ltr'><strong>illc</strong></span> <span class='ocrx_word' id='word_1_60' title='bbox 372 1300 449 1359; x_wconf 91' lang='lat' dir='ltr'><strong>libro</strong></span> <span class='ocrx_word' id='word_1_61' title='bbox 474 1301 648 1377; x_wconf 88' lang='lat' dir='ltr'><strong>sententiae,</strong></span> <span class='ocrx_word' id='word_1_62' title='bbox 672 1301 768 1360; x_wconf 92' lang='lat' dir='ltr'><strong>denuo</strong></span> <span class='ocrx_word' id='word_1_63' title='bbox 791 1301 936 1378; x_wconf 88' lang='lat' dir='ltr'><strong>inspicere</strong></span> <span class='ocrx_word' id='word_1_64' title='bbox 961 1301 1062 1362; x_wconf 90' lang='lat' dir='ltr'><strong>statui.</strong></span> <span class='ocrx_word' id='word_1_65' title='bbox 1110 1303 1243 1379; x_wconf 81' lang='lat' dir='ltr'><strong>Cumque</strong></span> <span class='ocrx_word' id='word_1_66' title='bbox 1262 1302 1353 1361; x_wconf 90' lang='lat' dir='ltr'><strong>inter-</strong></span> 
     </span>
    </p>
   </div>
   <div class='ocr_carea' id='block_1_3' title="bbox 237 1407 1474 1502">
    <p class='ocr_par' dir='ltr' id='par_1_3' title="bbox 237 1407 1474 1502">
     <span class='ocr_line' id='line_1_10' title="bbox 237 1407 1474 1502; baseline 0.005 -37"><span class='ocrx_word' id='word_1_67' title='bbox 237 1407 359 1467; x_wconf 85' lang='lat' dir='ltr'><strong>cedente</strong></span> <span class='ocrx_word' id='word_1_68' title='bbox 383 1407 507 1467; x_wconf 89' lang='lat' dir='ltr'><strong>comiter</strong></span> <span class='ocrx_word' id='word_1_69' title='bbox 530 1408 728 1468; x_wconf 84' lang='lat' dir='ltr'><strong>bibliothecae</strong></span> <span class='ocrx_word' id='word_1_70' title='bbox 752 1411 872 1502; x_wconf 82' lang='lat' dir='ltr'><strong>nostrae</strong></span> <span class='ocrx_word' id='word_1_71' title='bbox 900 1409 1085 1470; x_wconf 83' lang='lat' dir='ltr'><strong>academicae</strong></span> <span class='ocrx_word' id='word_1_72' title='bbox 1113 1409 1354 1470; x_wconf 83' lang='lat' dir='ltr'><strong>administratore</strong></span> <span class='ocrx_word' id='word_1_73' title='bbox 1470 1465 1474 1471; x_wconf 89' lang='lat'>.</span> 
     </span>
    </p>
   </div>
   <div class='ocr_carea' id='block_1_4' title="bbox 236 1514 1355 1704">
    <p class='ocr_par' dir='ltr' id='par_1_4' title="bbox 236 1514 1355 1704">
     <span class='ocr_line' id='line_1_11' title="bbox 238 1514 1355 1594; baseline 0.003 -23"><span class='ocrx_word' id='word_1_74' title='bbox 238 1514 295 1573; x_wconf 89' lang='lat' dir='ltr'><strong>huc</strong></span> <span class='ocrx_word' id='word_1_75' title='bbox 322 1514 518 1574; x_wconf 87' lang='lat' dir='ltr'><strong>transmissus</strong></span> <span class='ocrx_word' id='word_1_76' title='bbox 544 1519 623 1576; x_wconf 88' lang='lat' dir='ltr'><strong>esset</strong></span> <span class='ocrx_word' id='word_1_77' title='bbox 650 1516 740 1592; x_wconf 92' lang='lat' dir='ltr'><strong>liber,</strong></span> <span class='ocrx_word' id='word_1_78' title='bbox 772 1517 860 1593; x_wconf 87' lang='lat' dir='ltr'><strong>plene</strong></span> <span class='ocrx_word' id='word_1_79' title='bbox 889 1517 966 1576; x_wconf 89' lang='lat' dir='ltr'><strong>falso</strong></span> <span class='ocrx_word' id='word_1_80' title='bbox 992 1516 1028 1574; x_wconf 93' lang='lat' dir='ltr'><strong>de</strong></span> <span class='ocrx_word' id='word_1_81' title='bbox 1057 1536 1092 1576; x_wconf 94' lang='lat' dir='ltr'><strong>eo</strong></span> <span class='ocrx_word' id='word_1_82' title='bbox 1118 1518 1269 1594; x_wconf 88' lang='lat' dir='ltr'><strong>hucusque</strong></span> <span class='ocrx_word' id='word_1_83' title='bbox 1291 1517 1355 1574; x_wconf 90' lang='lat' dir='ltr'><strong>fere</strong></span> 
     </span>
     <span class='ocr_line' id='line_1_12' title="bbox 236 1615 794 1704; baseline 0.007 -26"><span class='ocrx_word' id='word_1_84' title='bbox 236 1620 400 1682; x_wconf 90' lang='lat' dir='ltr'><strong>iudicatum</strong></span> <span class='ocrx_word' id='word_1_85' title='bbox 423 1641 488 1681; x_wconf 90' lang='lat' dir='ltr'><strong>esse</strong></span> <span class='ocrx_word' id='word_1_86' title='bbox 511 1623 597 1682; x_wconf 88' lang='lat' dir='ltr'><strong>brevi</strong></span> <span class='ocrx_word' id='word_1_87' title='bbox 618 1615 794 1704; x_wconf 68' lang='lat' dir='ltr'><strong>intellexi2).</strong></span> 
     </span>
    </p>
   </div>
   <div class='ocr_carea' id='block_1_5' title="bbox 213 1879 1419 4084">
    <p class='ocr_par' dir='ltr' id='par_1_5' title="bbox 213 1879 1419 4084">
     <span class='ocr_line' id='line_1_13' title="bbox 310 1879 1354 1952; baseline 0.004 -18"><span class='ocrx_word' id='word_1_88' title='bbox 310 1881 336 1950; x_wconf 92' lang='lat'><strong>1)</strong></span> <span class='ocrx_word' id='word_1_89' title='bbox 360 1879 420 1934; x_wconf 91' lang='lat' dir='ltr'><strong>Iam</strong></span> <span class='ocrx_word' id='word_1_90' title='bbox 444 1881 480 1934; x_wconf 91' lang='lat' dir='ltr'><strong>ab</strong></span> <span class='ocrx_word' id='word_1_91' title='bbox 504 1880 568 1936; x_wconf 87' lang='lat' dir='ltr'><strong>aliis</strong></span> <span class='ocrx_word' id='word_1_92' title='bbox 592 1881 637 1950; x_wconf 91' lang='lat' dir='ltr'>(cf.</span> <span class='ocrx_word' id='word_1_93' title='bbox 660 1881 722 1936; x_wconf 87' lang='lat' dir='ltr'><strong>Jen.</strong></span> <span class='ocrx_word' id='word_1_94' title='bbox 745 1881 799 1936; x_wconf 89' lang='lat' dir='ltr'><strong>Lit.</strong></span> <span class='ocrx_word' id='word_1_95' title='bbox 823 1881 891 1938; x_wconf 88' lang='lat' dir='ltr'><strong>Zeit.</strong></span> <span class='ocrx_word' id='word_1_96' title='bbox 917 1889 986 1938; x_wconf 79' lang='grc'>1878</span> <span class='ocrx_word' id='word_1_97' title='bbox 1005 1901 1032 1952; x_wconf 87' lang='lat' dir='ltr'>p.</span> <span class='ocrx_word' id='word_1_98' title='bbox 1052 1889 1117 1952; x_wconf 77' lang='lat'><strong>704,</strong></span> <span class='ocrx_word' id='word_1_99' title='bbox 1140 1883 1241 1940; x_wconf 90' lang='lat' dir='ltr'><strong>Philol.</strong></span> <span class='ocrx_word' id='word_1_100' title='bbox 1261 1884 1354 1938; x_wconf 85' lang='lat' dir='ltr'><strong>Rund-</strong></span> 
     </span>
     <span class='ocr_line' id='line_1_14' title="bbox 237 1969 1357 2043; baseline 0.004 -20"><span class='ocrx_word' id='word_1_101' title='bbox 237 1970 325 2024; x_wconf 85' lang='lat' dir='ltr'><strong>schau</strong></span> <span class='ocrx_word' id='word_1_102' title='bbox 340 1969 362 2036; x_wconf 92' lang='lat' dir='ltr'>I,</span> <span class='ocrx_word' id='word_1_103' title='bbox 377 1971 440 2040; x_wconf 86' lang='grc'>412)</span> <span class='ocrx_word' id='word_1_104' title='bbox 457 1969 653 2040; x_wconf 79' lang='lat' dir='ltr'><strong>Sedlmayerus</strong></span> <span class='ocrx_word' id='word_1_105' title='bbox 667 1970 843 2040; x_wconf 85' lang='lat' dir='ltr'><strong>vituperatus</strong></span> <span class='ocrx_word' id='word_1_106' title='bbox 858 1974 908 2041; x_wconf 89' lang='lat' dir='ltr'><strong>est,</strong></span> <span class='ocrx_word' id='word_1_107' title='bbox 927 1973 1003 2041; x_wconf 85' lang='lat' dir='ltr'><strong>quod</strong></span> <span class='ocrx_word' id='word_1_108' title='bbox 1021 1970 1169 2030; x_wconf 82' lang='lat' dir='ltr'><strong>nonnullos</strong></span> <span class='ocrx_word' id='word_1_109' title='bbox 1187 1973 1357 2043; x_wconf 82' lang='lat' dir='ltr'><strong>neglexisset</strong></span> 
     </span>
     <span class='ocr_line' id='line_1_15' title="bbox 237 2058 1355 2132; baseline 0.002 -18"><span class='ocrx_word' id='word_1_110' title='bbox 237 2058 360 2114; x_wconf 86' lang='lat' dir='ltr'><strong>codices:</strong></span> <span class='ocrx_word' id='word_1_111' title='bbox 385 2061 433 2114; x_wconf 90' lang='lat' dir='ltr'><strong>sed</strong></span> <span class='ocrx_word' id='word_1_112' title='bbox 457 2059 552 2129; x_wconf 90' lang='lat' dir='ltr'><strong>potius</strong></span> <span class='ocrx_word' id='word_1_113' title='bbox 577 2077 646 2128; x_wconf 91' lang='lat' dir='ltr'><strong>quos</strong></span> <span class='ocrx_word' id='word_1_114' title='bbox 671 2077 751 2114; x_wconf 86' lang='lat' dir='ltr'><strong>casus</strong></span> <span class='ocrx_word' id='word_1_115' title='bbox 774 2061 889 2129; x_wconf 85' lang='lat' dir='ltr'><strong>quidam</strong></span> <span class='ocrx_word' id='word_1_116' title='bbox 913 2062 1017 2116; x_wconf 91' lang='lat' dir='ltr'><strong>obtulit</strong></span> <span class='ocrx_word' id='word_1_117' title='bbox 1040 2062 1151 2122; x_wconf 89' lang='lat' dir='ltr'><strong>codices</strong></span> <span class='ocrx_word' id='word_1_118' title='bbox 1175 2079 1222 2118; x_wconf 92' lang='lat' dir='ltr'><strong>eos</strong></span> <span class='ocrx_word' id='word_1_119' title='bbox 1241 2079 1355 2132; x_wconf 88' lang='lat' dir='ltr'><strong>percen-</strong></span> 
     </span>
     <span class='ocr_line' id='line_1_16' title="bbox 239 2146 1354 2222; baseline 0.002 -20"><span class='ocrx_word' id='word_1_120' title='bbox 239 2147 336 2214; x_wconf 88' lang='lat' dir='ltr'><strong>suisse,</strong></span> <span class='ocrx_word' id='word_1_121' title='bbox 356 2162 440 2215; x_wconf 89' lang='lat' dir='ltr'><strong>quam</strong></span> <span class='ocrx_word' id='word_1_122' title='bbox 455 2146 572 2202; x_wconf 90' lang='lat' dir='ltr'><strong>consilio</strong></span> <span class='ocrx_word' id='word_1_123' title='bbox 588 2151 617 2202; x_wconf 91' lang='lat' dir='ltr'><strong>et</strong></span> <span class='ocrx_word' id='word_1_124' title='bbox 635 2147 774 2204; x_wconf 86' lang='lat' dir='ltr'><strong>industria</strong></span> <span class='ocrx_word' id='word_1_125' title='bbox 792 2153 959 2220; x_wconf 84' lang='lat' dir='ltr'><strong>apparatum</strong></span> <span class='ocrx_word' id='word_1_126' title='bbox 977 2152 1092 2221; x_wconf 89' lang='lat' dir='ltr'><strong>plenum</strong></span> <span class='ocrx_word' id='word_1_127' title='bbox 1112 2152 1259 2222; x_wconf 83' lang='lat' dir='ltr'><strong>collegisse</strong></span> <span class='ocrx_word' id='word_1_128' title='bbox 1279 2151 1354 2206; x_wconf 93' lang='lat' dir='ltr'><strong>vide-</strong></span> 
     </span>
     <span class='ocr_line' id='line_1_17' title="bbox 237 2235 1356 2310; baseline 0.005 -20"><span class='ocrx_word' id='word_1_129' title='bbox 237 2237 291 2292; x_wconf 88' lang='lat' dir='ltr'><strong>tur.</strong></span> <span class='ocrx_word' id='word_1_130' title='bbox 334 2235 436 2291; x_wconf 85' lang='lat' dir='ltr'><strong>Omisit</strong></span> <span class='ocrx_word' id='word_1_131' title='bbox 459 2235 533 2291; x_wconf 88' lang='lat' dir='ltr'><strong>enim</strong></span> <span class='ocrx_word' id='word_1_132' title='bbox 562 2236 751 2292; x_wconf 85' lang='lat' dir='ltr'><strong>bibliothecae</strong></span> <span class='ocrx_word' id='word_1_133' title='bbox 774 2237 978 2309; x_wconf 85' lang='lat' dir='ltr'><strong>Amplonianae</strong></span> <span class='ocrx_word' id='word_1_134' title='bbox 1001 2240 1170 2296; x_wconf 84' lang='lat' dir='ltr'><strong>Erfurtensis</strong></span> <span class='ocrx_word' id='word_1_135' title='bbox 1197 2243 1356 2310; x_wconf 85' lang='lat' dir='ltr'><strong>fragmenta</strong></span> 
     </span>
     <span class='ocr_line' id='line_1_18' title="bbox 237 2324 1356 2406; baseline 0.005 -28"><span class='ocrx_word' id='word_1_136' title='bbox 237 2343 257 2380; x_wconf 92' lang='lat' dir='ltr'><strong>s.</strong></span> <span class='ocrx_word' id='word_1_137' title='bbox 276 2326 340 2380; x_wconf 90' lang='lat' dir='ltr'>XIII</span> <span class='ocrx_word' id='word_1_138' title='bbox 364 2324 411 2394; x_wconf 85' lang='lat' dir='ltr'>(cf.</span> <span class='ocrx_word' id='word_1_139' title='bbox 430 2325 522 2391; x_wconf 83' lang='lat' dir='ltr'><strong>Kritz,</strong></span> <span class='ocrx_word' id='word_1_140' title='bbox 540 2325 574 2380; x_wconf 90' lang='lat' dir='ltr'><strong>de</strong></span> <span class='ocrx_word' id='word_1_141' title='bbox 594 2324 738 2388; x_wconf 85' lang='lat' dir='ltr'><strong>codicibus</strong></span> <span class='ocrx_word' id='word_1_142' title='bbox 756 2326 946 2406; x_wconf 79' lang='lat' dir='ltr'><strong>bibliothecae</strong></span> <span class='ocrx_word' id='word_1_143' title='bbox 964 2328 1168 2398; x_wconf 85' lang='lat' dir='ltr'><strong>Amplonianae</strong></span> <span class='ocrx_word' id='word_1_144' title='bbox 1186 2330 1356 2386; x_wconf 85' lang='lat' dir='ltr'><strong>Erfurtensis</strong></span> 
     </span>
     <span class='ocr_line' id='line_1_19' title="bbox 238 2411 1355 2484; baseline 0.004 -16"><span class='ocrx_word' id='word_1_145' title='bbox 238 2413 402 2484; x_wconf 85' lang='lat' dir='ltr'><strong>potioribus.</strong></span> <span class='ocrx_word' id='word_1_146' title='bbox 440 2411 543 2467; x_wconf 83' lang='lat' dir='ltr'><strong>Erfurt.</strong></span> <span class='ocrx_word' id='word_1_147' title='bbox 565 2418 642 2469; x_wconf 83' lang='lat'>1850.</span> <span class='ocrx_word' id='word_1_148' title='bbox 670 2413 708 2469; x_wconf 84' lang='lat'><strong>4⁰.</strong></span> <span class='ocrx_word' id='word_1_149' title='bbox 728 2432 754 2483; x_wconf 89' lang='lat' dir='ltr'><strong>p.</strong></span> <span class='ocrx_word' id='word_1_150' title='bbox 772 2420 805 2468; x_wconf 91' lang='lat'><strong>10</strong></span> <span class='ocrx_word' id='word_1_151' title='bbox 819 2418 856 2484; x_wconf 88' lang='lat' dir='ltr'><strong>g).</strong></span> <span class='ocrx_word' id='word_1_152' title='bbox 887 2415 1003 2469; x_wconf 89' lang='lat' dir='ltr'><strong>Nullum</strong></span> <span class='ocrx_word' id='word_1_153' title='bbox 1021 2419 1116 2472; x_wconf 88' lang='lat' dir='ltr'><strong>autem</strong></span> <span class='ocrx_word' id='word_1_154' title='bbox 1133 2417 1236 2472; x_wconf 88' lang='lat' dir='ltr'><strong>librum</strong></span> <span class='ocrx_word' id='word_1_155' title='bbox 1253 2417 1355 2473; x_wconf 91' lang='lat' dir='ltr'><strong>biblio-</strong></span> 
     </span>
     <span class='ocr_line' id='line_1_20' title="bbox 236 2501 1355 2576; baseline 0.001 -18"><span class='ocrx_word' id='word_1_156' title='bbox 236 2505 336 2558; x_wconf 88' lang='lat' dir='ltr'><strong>thecae</strong></span> <span class='ocrx_word' id='word_1_157' title='bbox 356 2501 474 2556; x_wconf 89' lang='lat' dir='ltr'><strong>alicuius</strong></span> <span class='ocrx_word' id='word_1_158' title='bbox 493 2501 608 2558; x_wconf 84' lang='lat' dir='ltr'><strong>Italicae</strong></span> <span class='ocrx_word' id='word_1_159' title='bbox 623 2505 832 2572; x_wconf 84' lang='lat' dir='ltr'><strong>commemorat,</strong></span> <span class='ocrx_word' id='word_1_160' title='bbox 850 2504 906 2558; x_wconf 88' lang='lat' dir='ltr'><strong>nisi</strong></span> <span class='ocrx_word' id='word_1_161' title='bbox 920 2523 989 2574; x_wconf 88' lang='lat' dir='ltr'><strong>quos</strong></span> <span class='ocrx_word' id='word_1_162' title='bbox 1005 2506 1077 2561; x_wconf 90' lang='lat' dir='ltr'><strong>vidit</strong></span> <span class='ocrx_word' id='word_1_163' title='bbox 1091 2507 1173 2575; x_wconf 68' lang='lat' dir='ltr'><strong>citari</strong></span> <span class='ocrx_word' id='word_1_164' title='bbox 1186 2507 1215 2561; x_wconf 93' lang='lat' dir='ltr'><strong>in</strong></span> <span class='ocrx_word' id='word_1_165' title='bbox 1229 2505 1355 2576; x_wconf 84' lang='lat' dir='ltr'><strong>Diltheyi</strong></span> 
     </span>
     <span class='ocr_line' id='line_1_21' title="bbox 239 2591 1355 2665; baseline 0.004 -19"><span class='ocrx_word' id='word_1_166' title='bbox 239 2593 272 2648; x_wconf 86' lang='lat' dir='ltr'><strong>de</strong></span> <span class='ocrx_word' id='word_1_167' title='bbox 293 2591 361 2646; x_wconf 79' lang='lat' dir='ltr'><strong>Call.</strong></span> <span class='ocrx_word' id='word_1_168' title='bbox 382 2592 446 2660; x_wconf 88' lang='lat' dir='ltr'>Cyd.</span> <span class='ocrx_word' id='word_1_169' title='bbox 466 2592 547 2649; x_wconf 88' lang='lat' dir='ltr'><strong>libro.</strong></span> <span class='ocrx_word' id='word_1_170' title='bbox 588 2593 728 2648; x_wconf 84' lang='lat' dir='ltr'><strong>Enumero</strong></span> <span class='ocrx_word' id='word_1_171' title='bbox 750 2593 805 2646; x_wconf 89' lang='lat' dir='ltr'><strong>hcc</strong></span> <span class='ocrx_word' id='word_1_172' title='bbox 831 2593 896 2648; x_wconf 88' lang='lat' dir='ltr'><strong>Ioco</strong></span> <span class='ocrx_word' id='word_1_173' title='bbox 924 2595 1085 2664; x_wconf 87' lang='lat' dir='ltr'><strong>nonnullos,</strong></span> <span class='ocrx_word' id='word_1_174' title='bbox 1115 2612 1233 2664; x_wconf 90' lang='lat' dir='ltr'><strong>quorum</strong></span> <span class='ocrx_word' id='word_1_175' title='bbox 1262 2595 1355 2665; x_wconf 89' lang='lat' dir='ltr'><strong>cogni-</strong></span> 
     </span>
     <span class='ocr_line' id='line_1_22' title="bbox 238 2667 1355 2756; baseline 0.003 -21"><span class='ocrx_word' id='word_1_176' title='bbox 238 2681 345 2735; x_wconf 88' lang='lat' dir='ltr'><strong>tionem</strong></span> <span class='ocrx_word' id='word_1_177' title='bbox 363 2681 452 2736; x_wconf 89' lang='lat' dir='ltr'><strong>debeo</strong></span> <span class='ocrx_word' id='word_1_178' title='bbox 471 2680 615 2756; x_wconf 88' lang='lat' dir='ltr'><strong>Dilthey0,</strong></span> <span class='ocrx_word' id='word_1_179' title='bbox 634 2699 807 2750; x_wconf 90' lang='lat' dir='ltr'><strong>quorumque</strong></span> <span class='ocrx_word' id='word_1_180' title='bbox 825 2683 928 2752; x_wconf 89' lang='lat' dir='ltr'><strong>partim</strong></span> <span class='ocrx_word' id='word_1_181' title='bbox 947 2667 1007 2753; x_wconf 83' lang='lat' dir='ltr'><strong>ipse</strong></span> <span class='ocrx_word' id='word_1_182' title='bbox 1027 2685 1131 2754; x_wconf 88' lang='lat' dir='ltr'><strong>partim</strong></span> <span class='ocrx_word' id='word_1_183' title='bbox 1149 2685 1179 2738; x_wconf 89' lang='lat' dir='ltr'><strong>in</strong></span> <span class='ocrx_word' id='word_1_184' title='bbox 1197 2685 1256 2741; x_wconf 86' lang='lat' dir='ltr'><strong>eius</strong></span> <span class='ocrx_word' id='word_1_185' title='bbox 1275 2703 1355 2739; x_wconf 88' lang='lat' dir='ltr'><strong>usum</strong></span> 
     </span>
     <span class='ocr_line' id='line_1_23' title="bbox 239 2769 1354 2844; baseline 0.006 -21"><span class='ocrx_word' id='word_1_186' title='bbox 239 2770 456 2825; x_wconf 80' lang='lat' dir='ltr'><strong>Studemundius</strong></span> <span class='ocrx_word' id='word_1_187' title='bbox 480 2769 619 2825; x_wconf 82' lang='lat' dir='ltr'><strong>enotavit:</strong></span> <span class='ocrx_word' id='word_1_188' title='bbox 643 2770 704 2826; x_wconf 89' lang='lat' dir='ltr'><strong>cod.</strong></span> <span class='ocrx_word' id='word_1_189' title='bbox 724 2771 925 2827; x_wconf 79' lang='lat' dir='ltr'><strong>Aerbrcsc&#39;auus</strong></span> <span class='ocrx_word' id='word_1_190' title='bbox 947 2773 976 2828; x_wconf 89' lang='lat' dir='ltr'>O.</span> <span class='ocrx_word' id='word_1_191' title='bbox 999 2779 1049 2829; x_wconf 88' lang='grc'><strong>138</strong></span> <span class='ocrx_word' id='word_1_192' title='bbox 1069 2773 1133 2844; x_wconf 85' lang='lat' dir='ltr'>Sup.</span> <span class='ocrx_word' id='word_1_193' title='bbox 1153 2774 1184 2828; x_wconf 90' lang='grc'>80</span> <span class='ocrx_word' id='word_1_194' title='bbox 1202 2775 1354 2830; x_wconf 90' lang='lat' dir='ltr'><strong>membran.</strong></span> 
     </span>
     <span class='ocr_line' id='line_1_24' title="bbox 237 2859 1419 2929; baseline 0.001 -17"><span class='ocrx_word' id='word_1_195' title='bbox 237 2875 310 2914; x_wconf 85' lang='lat' dir='ltr'><strong>saec.</strong></span> <span class='ocrx_word' id='word_1_196' title='bbox 334 2859 408 2927; x_wconf 87' lang='lat' dir='ltr'>XIV,</span> <span class='ocrx_word' id='word_1_197' title='bbox 434 2877 496 2914; x_wconf 87' lang='lat' dir='ltr'><strong>cum</strong></span> <span class='ocrx_word' id='word_1_198' title='bbox 520 2859 696 2929; x_wconf 81' lang='lat' dir='ltr'><strong>glossematis</strong></span> <span class='ocrx_word' id='word_1_199' title='bbox 724 2859 950 2916; x_wconf 89' lang='lat' dir='ltr'><strong>interlinearibus</strong></span> <span class='ocrx_word' id='word_1_200' title='bbox 974 2864 1003 2916; x_wconf 91' lang='lat' dir='ltr'><strong>et</strong></span> <span class='ocrx_word' id='word_1_201' title='bbox 1029 2861 1142 2917; x_wconf 89' lang='lat' dir='ltr'><strong>scholiis</strong></span> <span class='ocrx_word' id='word_1_202' title='bbox 1168 2862 1292 2918; x_wconf 86' lang='lat' dir='ltr'><strong>verbosis</strong></span> <span class='ocrx_word' id='word_1_203' title='bbox 1315 2863 1355 2918; x_wconf 90' lang='lat' dir='ltr'><strong>in·</strong></span> <span class='ocrx_word' id='word_1_204' title='bbox 1416 2904 1419 2913; x_wconf 95' lang='lat'>.</span> 
     </span>
     <span class='ocr_line' id='line_1_25' title="bbox 238 2948 1355 3018; baseline 0.003 -16"><span class='ocrx_word' id='word_1_205' title='bbox 238 2950 367 3004; x_wconf 88' lang='lat' dir='ltr'><strong>structus.</strong></span> <span class='ocrx_word' id='word_1_206' title='bbox 407 2948 467 3003; x_wconf 92' lang='lat' dir='ltr'><strong>cod.</strong></span> <span class='ocrx_word' id='word_1_207' title='bbox 488 2949 612 3005; x_wconf 87' lang='lat' dir='ltr'><strong>Ambrcs.</strong></span> <span class='ocrx_word' id='word_1_208' title='bbox 633 2951 665 3002; x_wconf 89' lang='lat' dir='ltr'>E.</span> <span class='ocrx_word' id='word_1_209' title='bbox 681 2953 715 3004; x_wconf 86' lang='lat'><strong>84</strong></span> <span class='ocrx_word' id='word_1_210' title='bbox 731 2948 796 3018; x_wconf 85' lang='lat' dir='ltr'>Sup.</span> <span class='ocrx_word' id='word_1_211' title='bbox 820 2950 851 3003; x_wconf 93' lang='grc'>80</span> <span class='ocrx_word' id='word_1_212' title='bbox 874 2967 944 3007; x_wconf 88' lang='lat' dir='ltr'><strong>saec.</strong></span> <span class='ocrx_word' id='word_1_213' title='bbox 965 2951 1131 3005; x_wconf 87' lang='lat' dir='ltr'>XIII-XIV</span> <span class='ocrx_word' id='word_1_214' title='bbox 1151 2951 1219 3004; x_wconf 92' lang='lat' dir='ltr'><strong>olim</strong></span> <span class='ocrx_word' id='word_1_215' title='bbox 1237 2952 1355 3007; x_wconf 88' lang='lat' dir='ltr'><strong>Bobien·</strong></span> 
     </span>
     <span class='ocr_line' id='line_1_26' title="bbox 238 3035 1354 3109; baseline 0.004 -19"><span class='ocrx_word' id='word_1_216' title='bbox 238 3037 284 3106; x_wconf 89' lang='lat' dir='ltr'><strong>sis,</strong></span> <span class='ocrx_word' id='word_1_217' title='bbox 304 3037 456 3092; x_wconf 88' lang='lat' dir='ltr'><strong>membran.</strong></span> <span class='ocrx_word' id='word_1_218' title='bbox 489 3035 564 3091; x_wconf 91' lang='lat' dir='ltr'><strong>notis</strong></span> <span class='ocrx_word' id='word_1_219' title='bbox 583 3037 740 3106; x_wconf 89' lang='lat' dir='ltr'><strong>adspersus.</strong></span> <span class='ocrx_word' id='word_1_220' title='bbox 775 3038 834 3092; x_wconf 88' lang='lat' dir='ltr'><strong>cod.</strong></span> <span class='ocrx_word' id='word_1_221' title='bbox 855 3038 979 3093; x_wconf 84' lang='lat' dir='ltr'><strong>Ambrcs.</strong></span> <span class='ocrx_word' id='word_1_222' title='bbox 1001 3039 1034 3093; x_wconf 93' lang='lat' dir='ltr'><strong>P.</strong></span> <span class='ocrx_word' id='word_1_223' title='bbox 1055 3046 1088 3094; x_wconf 79' lang='grc'><strong>73</strong></span> <span class='ocrx_word' id='word_1_224' title='bbox 1108 3038 1174 3109; x_wconf 85' lang='lat' dir='ltr'>Sup.</span> <span class='ocrx_word' id='word_1_225' title='bbox 1190 3039 1220 3095; x_wconf 84' lang='lat'><strong>8⁰</strong></span> <span class='ocrx_word' id='word_1_226' title='bbox 1238 3041 1354 3096; x_wconf 88' lang='lat' dir='ltr'><strong>membr.</strong></span> 
     </span>
     <span class='ocr_line' id='line_1_27' title="bbox 213 3126 1357 3196; baseline 0.003 -16"><span class='ocrx_word' id='word_1_227' title='bbox 213 3143 309 3183; x_wconf 87' lang='lat' dir='ltr'><strong>·saec.</strong></span> <span class='ocrx_word' id='word_1_228' title='bbox 329 3127 401 3181; x_wconf 90' lang='lat' dir='ltr'>XIV.</span> <span class='ocrx_word' id='word_1_229' title='bbox 440 3126 500 3180; x_wconf 89' lang='lat' dir='ltr'><strong>cod.</strong></span> <span class='ocrx_word' id='word_1_230' title='bbox 525 3127 649 3181; x_wconf 85' lang='lat' dir='ltr'><strong>Ambros.</strong></span> <span class='ocrx_word' id='word_1_231' title='bbox 670 3126 704 3180; x_wconf 88' lang='lat' dir='ltr'><strong>F.</strong></span> <span class='ocrx_word' id='word_1_232' title='bbox 726 3131 759 3180; x_wconf 88' lang='lat'><strong>53</strong></span> <span class='ocrx_word' id='word_1_233' title='bbox 783 3127 848 3196; x_wconf 83' lang='lat' dir='ltr'><strong>Sap.</strong></span> <span class='ocrx_word' id='word_1_234' title='bbox 878 3128 909 3180; x_wconf 91' lang='grc'><strong>80</strong></span> <span class='ocrx_word' id='word_1_235' title='bbox 936 3128 1056 3183; x_wconf 89' lang='lat' dir='ltr'><strong>chartac.</strong></span> <span class='ocrx_word' id='word_1_236' title='bbox 1086 3145 1158 3184; x_wconf 89' lang='lat' dir='ltr'><strong>saec.</strong></span> <span class='ocrx_word' id='word_1_237' title='bbox 1186 3129 1246 3186; x_wconf 90' lang='lat' dir='ltr'>XV.</span> <span class='ocrx_word' id='word_1_238' title='bbox 1293 3131 1357 3185; x_wconf 91' lang='lat' dir='ltr'><strong>cod.</strong></span> 
     </span>
     <span class='ocr_line' id='line_1_28' title="bbox 226 3214 1355 3284; baseline 0.002 -13"><span class='ocrx_word' id='word_1_239' title='bbox 226 3216 362 3272; x_wconf 74' lang='lat' dir='ltr'><strong>‘Ambroa</strong></span> <span class='ocrx_word' id='word_1_240' title='bbox 377 3216 405 3270; x_wconf 82' lang='lat' dir='ltr'>J.</span> <span class='ocrx_word' id='word_1_241' title='bbox 417 3222 433 3271; x_wconf 91' lang='lat'><em>8</em></span> <span class='ocrx_word' id='word_1_242' title='bbox 448 3215 496 3269; x_wconf 90' lang='lat' dir='ltr'><strong>inf.</strong></span> <span class='ocrx_word' id='word_1_243' title='bbox 512 3215 579 3270; x_wconf 91' lang='lat' dir='ltr'><strong>olim</strong></span> <span class='ocrx_word' id='word_1_244' title='bbox 589 3214 762 3284; x_wconf 90' lang='lat' dir='ltr'><strong>Aveniensis,</strong></span> <span class='ocrx_word' id='word_1_245' title='bbox 777 3232 848 3270; x_wconf 87' lang='lat' dir='ltr'><strong>saec.</strong></span> <span class='ocrx_word' id='word_1_246' title='bbox 862 3215 934 3270; x_wconf 89' lang='lat' dir='ltr'>XIV.</span> <span class='ocrx_word' id='word_1_247' title='bbox 946 3217 1005 3271; x_wconf 90' lang='lat' dir='ltr'><strong>cod.</strong></span> <span class='ocrx_word' id='word_1_248' title='bbox 1021 3217 1189 3274; x_wconf 71' lang='lat' dir='ltr'><strong>Mutinensis</strong></span> <span class='ocrx_word' id='word_1_249' title='bbox 1207 3219 1255 3272; x_wconf 89' lang='lat' dir='ltr'><strong>VI.</strong></span> <span class='ocrx_word' id='word_1_250' title='bbox 1266 3219 1300 3273; x_wconf 92' lang='lat' dir='ltr'>B.</span> <span class='ocrx_word' id='word_1_251' title='bbox 1312 3225 1355 3274; x_wconf 89' lang='grc'><strong>22.</strong></span> 
     </span>
     <span class='ocr_line' id='line_1_29' title="bbox 237 3303 1354 3374; baseline 0.002 -15"><span class='ocrx_word' id='word_1_252' title='bbox 237 3321 310 3359; x_wconf 83' lang='lat' dir='ltr'><strong>saec.</strong></span> <span class='ocrx_word' id='word_1_253' title='bbox 333 3304 384 3359; x_wconf 88' lang='lat' dir='ltr'><strong>XV</strong></span> <span class='ocrx_word' id='word_1_254' title='bbox 408 3303 616 3360; x_wconf 85' lang='lat' dir='ltr'><strong>commentariis</strong></span> <span class='ocrx_word' id='word_1_255' title='bbox 639 3303 791 3358; x_wconf 90' lang='lat' dir='ltr'><strong>instructus</strong></span> <span class='ocrx_word' id='word_1_256' title='bbox 814 3303 931 3360; x_wconf 63' lang='lat' dir='ltr'><strong>vilibus!</strong></span> <span class='ocrx_word' id='word_1_257' title='bbox 968 3305 1028 3361; x_wconf 92' lang='lat' dir='ltr'><strong>cod.</strong></span> <span class='ocrx_word' id='word_1_258' title='bbox 1051 3305 1223 3374; x_wconf 73' lang='lat' dir='ltr'><strong>Parmensis,</strong></span> <span class='ocrx_word' id='word_1_259' title='bbox 1253 3305 1354 3361; x_wconf 91' lang='lat' dir='ltr'><strong>biblic-</strong></span> 
     </span>
     <span class='ocr_line' id='line_1_30' title="bbox 237 3391 1355 3463; baseline 0.001 -15"><span class='ocrx_word' id='word_1_260' title='bbox 237 3395 337 3448; x_wconf 87' lang='lat' dir='ltr'><strong>thecae</strong></span> <span class='ocrx_word' id='word_1_261' title='bbox 360 3393 463 3463; x_wconf 82' lang='lat' dir='ltr'><strong>regiae,</strong></span> <span class='ocrx_word' id='word_1_262' title='bbox 487 3393 520 3448; x_wconf 92' lang='lat' dir='ltr'><strong>H.</strong></span> <span class='ocrx_word' id='word_1_263' title='bbox 545 3393 579 3447; x_wconf 92' lang='lat' dir='ltr'><strong>H.</strong></span> <span class='ocrx_word' id='word_1_264' title='bbox 603 3391 650 3448; x_wconf 92' lang='lat' dir='ltr'><strong>IV.</strong></span> <span class='ocrx_word' id='word_1_265' title='bbox 677 3399 717 3448; x_wconf 90' lang='lat'>11.</span> <span class='ocrx_word' id='word_1_266' title='bbox 741 3393 894 3448; x_wconf 85' lang='lat' dir='ltr'><strong>membran.</strong></span> <span class='ocrx_word' id='word_1_267' title='bbox 920 3409 991 3448; x_wconf 87' lang='lat' dir='ltr'><strong>saec.</strong></span> <span class='ocrx_word' id='word_1_268' title='bbox 1016 3392 1073 3461; x_wconf 85' lang='lat' dir='ltr'>XV.</span> <span class='ocrx_word' id='word_1_269' title='bbox 1112 3394 1172 3450; x_wconf 86' lang='lat' dir='ltr'><strong>cod.</strong></span> <span class='ocrx_word' id='word_1_270' title='bbox 1205 3394 1355 3449; x_wconf 80' lang='lat' dir='ltr'><strong>Voticcmes</strong></span> 
     </span>
     <span class='ocr_line' id='line_1_31' title="bbox 238 3481 1355 3538; baseline 0 -2"><span class='ocrx_word' id='word_1_271' title='bbox 238 3488 307 3538; x_wconf 78' lang='grc'>2792</span> <span class='ocrx_word' id='word_1_272' title='bbox 332 3499 403 3537; x_wconf 86' lang='lat' dir='ltr'><strong>saec.</strong></span> <span class='ocrx_word' id='word_1_273' title='bbox 428 3481 499 3536; x_wconf 90' lang='lat' dir='ltr'>XIV.</span> <span class='ocrx_word' id='word_1_274' title='bbox 539 3481 599 3538; x_wconf 89' lang='lat' dir='ltr'><strong>cod.</strong></span> <span class='ocrx_word' id='word_1_275' title='bbox 620 3482 787 3538; x_wconf 80' lang='lat' dir='ltr'><strong>Basilecnsr&#39;s</strong></span> <span class='ocrx_word' id='word_1_276' title='bbox 810 3481 847 3537; x_wconf 85' lang='lat' dir='ltr'>F.</span> <span class='ocrx_word' id='word_1_277' title='bbox 866 3481 918 3538; x_wconf 89' lang='lat' dir='ltr'><strong>IV.</strong></span> <span class='ocrx_word' id='word_1_278' title='bbox 940 3488 981 3537; x_wconf 77' lang='lat'>17.</span> <span class='ocrx_word' id='word_1_279' title='bbox 1018 3482 1170 3537; x_wconf 88' lang='lat' dir='ltr'><strong>membran.</strong></span> <span class='ocrx_word' id='word_1_280' title='bbox 1194 3499 1265 3538; x_wconf 88' lang='lat' dir='ltr'><strong>saec.</strong></span> <span class='ocrx_word' id='word_1_281' title='bbox 1289 3483 1355 3538; x_wconf 89' lang='lat' dir='ltr'>XIII</span> 
     </span>
     <span class='ocr_line' id='line_1_32' title="bbox 239 3569 1355 3641; baseline 0.003 -17"><span class='ocrx_word' id='word_1_282' title='bbox 239 3571 347 3625; x_wconf 81' lang='lat' dir='ltr'>-XIV</span> <span class='ocrx_word' id='word_1_283' title='bbox 386 3570 488 3625; x_wconf 87' lang='lat' dir='ltr'><strong>Omnes</strong></span> <span class='ocrx_word' id='word_1_284' title='bbox 511 3570 542 3624; x_wconf 92' lang='lat' dir='ltr'><strong>hi</strong></span> <span class='ocrx_word' id='word_1_285' title='bbox 565 3570 631 3625; x_wconf 92' lang='lat' dir='ltr'><strong>libri</strong></span> <span class='ocrx_word' id='word_1_286' title='bbox 654 3569 785 3625; x_wconf 87' lang='lat' dir='ltr'><strong>desinunt</strong></span> <span class='ocrx_word' id='word_1_287' title='bbox 802 3570 832 3624; x_wconf 90' lang='lat' dir='ltr'><strong>in</strong></span> <span class='ocrx_word' id='word_1_288' title='bbox 851 3586 893 3639; x_wconf 87' lang='lat' dir='ltr'><strong>ep.</strong></span> <span class='ocrx_word' id='word_1_289' title='bbox 913 3569 972 3626; x_wconf 88' lang='lat' dir='ltr'><strong>XX.</strong></span> <span class='ocrx_word' id='word_1_290' title='bbox 991 3589 1017 3625; x_wconf 88' lang='lat' dir='ltr'>v.</span> <span class='ocrx_word' id='word_1_291' title='bbox 1038 3577 1080 3627; x_wconf 86' lang='grc'><strong>12.</strong></span> <span class='ocrx_word' id='word_1_292' title='bbox 1116 3571 1263 3626; x_wconf 88' lang='lat' dir='ltr'><strong>Accedunt</strong></span> <span class='ocrx_word' id='word_1_293' title='bbox 1285 3590 1355 3641; x_wconf 90' lang='lat' dir='ltr'><strong>quos</strong></span> 
     </span>
     <span class='ocr_line' id='line_1_33' title="bbox 238 3658 1355 3732; baseline 0.002 -18"><span class='ocrx_word' id='word_1_294' title='bbox 238 3658 359 3714; x_wconf 87' lang='lat' dir='ltr'><strong>Kunzius</strong></span> <span class='ocrx_word' id='word_1_295' title='bbox 374 3660 415 3729; x_wconf 90' lang='lat' dir='ltr'>(P.</span> <span class='ocrx_word' id='word_1_296' title='bbox 427 3658 520 3714; x_wconf 88' lang='lat' dir='ltr'><strong>Ovidii</strong></span> <span class='ocrx_word' id='word_1_297' title='bbox 534 3659 655 3714; x_wconf 86' lang='lat' dir='ltr'><strong>Nasonis</strong></span> <span class='ocrx_word' id='word_1_298' title='bbox 669 3659 782 3714; x_wconf 88' lang='lat' dir='ltr'><strong>libellus</strong></span> <span class='ocrx_word' id='word_1_299' title='bbox 796 3659 831 3712; x_wconf 92' lang='lat' dir='ltr'><strong>de</strong></span> <span class='ocrx_word' id='word_1_300' title='bbox 845 3658 1029 3714; x_wconf 88' lang='lat' dir='ltr'><strong>medicamine</strong></span> <span class='ocrx_word' id='word_1_301' title='bbox 1043 3659 1134 3715; x_wconf 84' lang='lat' dir='ltr'><strong>faciei.</strong></span> <span class='ocrx_word' id='word_1_302' title='bbox 1144 3661 1264 3718; x_wconf 90' lang='lat' dir='ltr'><strong>Vindob.</strong></span> <span class='ocrx_word' id='word_1_303' title='bbox 1277 3665 1355 3732; x_wconf 89' lang='lat'>1881)</span> 
     </span>
     <span class='ocr_line' id='line_1_34' title="bbox 239 3747 1355 3819; baseline 0.002 -15"><span class='ocrx_word' id='word_1_304' title='bbox 239 3751 395 3804; x_wconf 87' lang='lat' dir='ltr'><strong>enumerat:</strong></span> <span class='ocrx_word' id='word_1_305' title='bbox 416 3749 475 3804; x_wconf 89' lang='lat' dir='ltr'><strong>cod.</strong></span> <span class='ocrx_word' id='word_1_306' title='bbox 494 3749 701 3804; x_wconf 77' lang='lat' dir='ltr'><strong>Elocardc&#39;onas</strong></span> <span class='ocrx_word' id='word_1_307' title='bbox 719 3749 771 3817; x_wconf 84' lang='lat' dir='ltr'>(M.</span> <span class='ocrx_word' id='word_1_308' title='bbox 786 3747 832 3802; x_wconf 88' lang='grc' dir='ltr'><strong>ΠΙ.</strong></span> <span class='ocrx_word' id='word_1_309' title='bbox 847 3765 921 3803; x_wconf 89' lang='lat' dir='ltr'><strong>num.</strong></span> <span class='ocrx_word' id='word_1_310' title='bbox 936 3748 957 3801; x_wconf 90' lang='lat' dir='ltr'><strong>I.</strong></span> <span class='ocrx_word' id='word_1_311' title='bbox 972 3751 1036 3817; x_wconf 83' lang='grc'>489)</span> <span class='ocrx_word' id='word_1_312' title='bbox 1055 3767 1075 3803; x_wconf 90' lang='lat' dir='ltr'><strong>s.</strong></span> <span class='ocrx_word' id='word_1_313' title='bbox 1095 3750 1179 3819; x_wconf 84' lang='lat' dir='ltr'>XIII,</span> <span class='ocrx_word' id='word_1_314' title='bbox 1198 3752 1252 3807; x_wconf 90' lang='lat' dir='ltr'><strong>duo</strong></span> <span class='ocrx_word' id='word_1_315' title='bbox 1271 3751 1355 3806; x_wconf 82' lang='lat' dir='ltr'><strong>Berc-</strong></span> 
     </span>
     <span class='ocr_line' id='line_1_35' title="bbox 238 3835 1354 3908; baseline -0.001 -15"><span class='ocrx_word' id='word_1_316' title='bbox 238 3840 355 3894; x_wconf 80' lang='lat' dir='ltr'><strong>Iiaeascs</strong></span> <span class='ocrx_word' id='word_1_317' title='bbox 374 3839 434 3906; x_wconf 84' lang='lat' dir='ltr'><strong>(Ms.</strong></span> <span class='ocrx_word' id='word_1_318' title='bbox 451 3837 525 3893; x_wconf 79' lang='lat' dir='ltr'><strong>Ilien.</strong></span> <span class='ocrx_word' id='word_1_319' title='bbox 545 3837 576 3892; x_wconf 92' lang='lat' dir='ltr'>B.</span> <span class='ocrx_word' id='word_1_320' title='bbox 592 3837 669 3892; x_wconf 83' lang='lat' dir='ltr'><strong>Sant.</strong></span> <span class='ocrx_word' id='word_1_321' title='bbox 688 3837 706 3892; x_wconf 92' lang='lat' dir='ltr'><strong>l.</strong></span> <span class='ocrx_word' id='word_1_322' title='bbox 722 3854 773 3893; x_wconf 90' lang='lat' dir='ltr'><strong>ms.</strong></span> <span class='ocrx_word' id='word_1_323' title='bbox 788 3835 835 3892; x_wconf 85' lang='lat' dir='ltr'>Iol.</span> <span class='ocrx_word' id='word_1_324' title='bbox 856 3855 882 3891; x_wconf 92' lang='lat' dir='ltr'><strong>n.</strong></span> <span class='ocrx_word' id='word_1_325' title='bbox 899 3838 960 3906; x_wconf 93' lang='grc'>123)</span> <span class='ocrx_word' id='word_1_326' title='bbox 980 3855 1000 3894; x_wconf 89' lang='lat' dir='ltr'><strong>s.</strong></span> <span class='ocrx_word' id='word_1_327' title='bbox 1015 3837 1080 3892; x_wconf 91' lang='lat' dir='ltr'>XIII</span> <span class='ocrx_word' id='word_1_328' title='bbox 1100 3841 1136 3908; x_wconf 74' lang='lat' dir='ltr'>(I)</span> <span class='ocrx_word' id='word_1_329' title='bbox 1155 3839 1185 3892; x_wconf 92' lang='lat' dir='ltr'><strong>et</strong></span> <span class='ocrx_word' id='word_1_330' title='bbox 1203 3841 1264 3908; x_wconf 89' lang='lat' dir='ltr'><strong>(ms.</strong></span> <span class='ocrx_word' id='word_1_331' title='bbox 1279 3837 1354 3893; x_wconf 90' lang='lat' dir='ltr'><strong>Diez.</strong></span> 
     </span>
     <span class='ocr_line' id='line_1_36' title="bbox 237 3924 1353 4004; baseline 0 -22"><span class='ocrx_word' id='word_1_332' title='bbox 237 3929 266 3982; x_wconf 91' lang='lat' dir='ltr'><strong>b.</strong></span> <span class='ocrx_word' id='word_1_333' title='bbox 290 3925 365 3980; x_wconf 81' lang='lat' dir='ltr'><strong>Sant.</strong></span> <span class='ocrx_word' id='word_1_334' title='bbox 385 3928 413 3994; x_wconf 79' lang='grc'><strong>4)</strong></span> <span class='ocrx_word' id='word_1_335' title='bbox 438 3944 458 3980; x_wconf 90' lang='lat' dir='ltr'><strong>s.</strong></span> <span class='ocrx_word' id='word_1_336' title='bbox 478 3925 537 3994; x_wconf 88' lang='lat' dir='ltr'><strong>XV,</strong></span> <span class='ocrx_word' id='word_1_337' title='bbox 556 3925 766 4004; x_wconf 54' lang='lat' dir='ltr'><strong>Laurentianus</strong></span> <span class='ocrx_word' id='word_1_338' title='bbox 789 3924 837 3994; x_wconf 89' lang='lat' dir='ltr'>(pl.</span> <span class='ocrx_word' id='word_1_339' title='bbox 857 3925 981 3980; x_wconf 87' lang='lat' dir='ltr'>XXXVI.</span> <span class='ocrx_word' id='word_1_340' title='bbox 1001 3929 1029 3996; x_wconf 88' lang='grc'><strong>2)</strong></span> <span class='ocrx_word' id='word_1_341' title='bbox 1048 3945 1069 3982; x_wconf 89' lang='lat' dir='ltr'><strong>s.</strong></span> <span class='ocrx_word' id='word_1_342' title='bbox 1088 3926 1152 3996; x_wconf 88' lang='lat' dir='ltr'><strong>XV,</strong></span> <span class='ocrx_word' id='word_1_343' title='bbox 1179 3927 1298 3982; x_wconf 76' lang='lat' dir='ltr'><strong>Urbicus</strong></span> <span class='ocrx_word' id='word_1_344' title='bbox 1317 3927 1353 3998; x_wconf 86' lang='lat' dir='ltr'><strong>(n.</strong></span> 
     </span>
     <span class='ocr_line' id='line_1_37' title="bbox 238 4015 421 4084; baseline -0.011 -14"><span class='ocrx_word' id='word_1_345' title='bbox 238 4019 301 4084; x_wconf 78' lang='lat'>347)</span> <span class='ocrx_word' id='word_1_346' title='bbox 322 4033 341 4070; x_wconf 90' lang='lat' dir='ltr'><strong>s.</strong></span> <span class='ocrx_word' id='word_1_347' title='bbox 362 4015 421 4068; x_wconf 92' lang='lat' dir='ltr'>XV.</span> 
     </span>
    </p>
   </div>
   <div class='ocr_carea' id='block_1_6' title="bbox 238 4120 1356 4373">
    <p class='ocr_par' dir='ltr' id='par_1_6' title="bbox 238 4120 1356 4373">
     <span class='ocr_line' id='line_1_38' title="bbox 312 4120 1355 4194; baseline 0.005 -19"><span class='ocrx_word' id='word_1_348' title='bbox 312 4126 337 4192; x_wconf 94' lang='grc'><strong>2)</strong></span> <span class='ocrx_word' id='word_1_349' title='bbox 357 4120 476 4176; x_wconf 86' lang='lat' dir='ltr'><strong>Miratus</strong></span> <span class='ocrx_word' id='word_1_350' title='bbox 486 4140 547 4176; x_wconf 89' lang='lat' dir='ltr'><strong>sum</strong></span> <span class='ocrx_word' id='word_1_351' title='bbox 556 4121 750 4178; x_wconf 88' lang='lat' dir='ltr'><strong>incredibilem</strong></span> <span class='ocrx_word' id='word_1_352' title='bbox 760 4123 968 4194; x_wconf 85' lang='lat' dir='ltr'><strong>neglegentiam</strong></span> <span class='ocrx_word' id='word_1_353' title='bbox 979 4123 1140 4179; x_wconf 87' lang='lat' dir='ltr'><strong>collationis</strong></span> <span class='ocrx_word' id='word_1_354' title='bbox 1150 4123 1355 4194; x_wconf 87' lang='lat' dir='ltr'><strong>Wigendianae</strong></span> 
     </span>
     <span class='ocr_line' id='line_1_39' title="bbox 240 4209 1354 4282; baseline 0.001 -16"><span class='ocrx_word' id='word_1_355' title='bbox 240 4228 324 4281; x_wconf 86' lang='lat' dir='ltr'><strong>quam</strong></span> <span class='ocrx_word' id='word_1_356' title='bbox 346 4209 477 4267; x_wconf 88' lang='lat' dir='ltr'><strong>Lcersius</strong></span> <span class='ocrx_word' id='word_1_357' title='bbox 501 4210 602 4279; x_wconf 89' lang='lat' dir='ltr'><strong>edidit,</strong></span> <span class='ocrx_word' id='word_1_358' title='bbox 627 4228 737 4279; x_wconf 86' lang='lat' dir='ltr'><strong>qusque</strong></span> <span class='ocrx_word' id='word_1_359' title='bbox 762 4211 954 4282; x_wconf 80' lang='lat' dir='ltr'><strong>Sedlmayerus</strong></span> <span class='ocrx_word' id='word_1_360' title='bbox 978 4211 1071 4266; x_wconf 89' lang='lat' dir='ltr'><strong>animo</strong></span> <span class='ocrx_word' id='word_1_361' title='bbox 1094 4211 1193 4267; x_wconf 89' lang='lat' dir='ltr'><strong>fidenti</strong></span> <span class='ocrx_word' id='word_1_362' title='bbox 1214 4229 1287 4267; x_wconf 88' lang='lat' dir='ltr'><strong>usus</strong></span> <span class='ocrx_word' id='word_1_363' title='bbox 1304 4215 1354 4268; x_wconf 89' lang='lat' dir='ltr'><strong>est.</strong></span> 
     </span>
     <span class='ocr_line' id='line_1_40' title="bbox 238 4300 1356 4373; baseline -0.004 -14"><span class='ocrx_word' id='word_1_364' title='bbox 238 4301 321 4359; x_wconf 86' lang='lat' dir='ltr'><strong>Haud</strong></span> <span class='ocrx_word' id='word_1_365' title='bbox 340 4318 445 4371; x_wconf 86' lang='lat' dir='ltr'><strong>paucas</strong></span> <span class='ocrx_word' id='word_1_366' title='bbox 465 4301 619 4370; x_wconf 86' lang='lat' dir='ltr'><strong>scripturae</strong></span> <span class='ocrx_word' id='word_1_367' title='bbox 638 4300 709 4354; x_wconf 86' lang='lat' dir='ltr'><strong>false</strong></span> <span class='ocrx_word' id='word_1_368' title='bbox 729 4302 886 4370; x_wconf 88' lang='lat' dir='ltr'><strong>enotantur,</strong></span> <span class='ocrx_word' id='word_1_369' title='bbox 905 4301 1101 4372; x_wconf 87' lang='lat' dir='ltr'><strong>multoplures</strong></span> <span class='ocrx_word' id='word_1_370' title='bbox 1116 4302 1292 4373; x_wconf 85' lang='lat' dir='ltr'><strong>corruptelae</strong></span> <span class='ocrx_word' id='word_1_371' title='bbox 1307 4303 1356 4355; x_wconf 88' lang='lat' dir='ltr'><strong>aut</strong></span> 
     </span>
    </p>
   </div>
   <div class='ocr_carea' id='block_1_7' title="bbox 0 0 1610 4928">
    <p class='ocr_par' dir='ltr' id='par_1_7' title="bbox 0 0 1610 4928">
     <span class='ocr_line' id='line_1_41' title="bbox 0 0 1610 4928; baseline 0 0"><span class='ocrx_word' id='word_1_372' title='bbox 0 0 1610 4928; x_wconf 95' lang='lat' dir='ltr'><strong> </strong></span> 
     </span>
    </p>
   </div>
  </div>
 </body>
</html>
