3206 4928
679 403 891 467 „23-

223 603 321 659 eausa,
345 603 397 644 our
420 583 532 660 aliquid
556 583 625 644 addi
647 602 735 661 posse
758 587 880 661 putaret
902 585 1117 663 grammaticus
1135 585 1255 662 quidam
1279 587 1343 648 sivo

223 693 316 752 lector
339 691 513 768 quicunque.

310 798 364 874 Ep.
388 797 441 874 VI,
464 818 491 857 v.
517 800 647 859 31-38
676 817 694 857 a
722 799 868 874 Martem,
896 799 1035 860 Polmero
1063 801 1130 860 aliis
1158 801 1341 860 oireumsori·

221 907 343 981 buntur,
366 923 434 964 oum
457 903 574 964 Riesius
599 885 649 964 eos
673 905 773 964 delere
797 906 883 966 dubit
903 909 924 967 t.
946 937 983 948 -
1012 907 1044 966 si
1066 926 1215 984 versuum,
1239 907 1343 984 quiin

222 1013 375 1071 Puteaneo
395 1011 472 1070 libro
491 1011 608 1088 desunt,
628 1031 787 1071 numerum
805 1012 1086 1090 computaverimus,
1109 1013 1152 1072 ibi
1170 1033 1221 1073 eos
1239 1033 1343 1074 versus

222 1119 294 1179 olim
317 1119 411 1178 lectos
434 1137 500 1178 esse
522 1119 741 1196 intellegemus.
768 1151 805 1158 -
833 1117 891 1188 Qui
914 1138 981 1178 oum
1004 1121 1241 1197 retractentur,
1267 1139 1343 1197 quae

221 1225 282 1284 iam
295 1245 323 1284 v.
345 1225 552 1284 9-141diota
571 1228 648 1301 sunt,
668 1228 774 1302 postea
792 1225 961 1301 interpositi
980 1244 1044 1286 esse
1063 1226 1203 1287 videntur
1221 1230 1343 1304 propter

141 1382 144 1388 .
221 1334 313 1393 verbo
350 1327 479 1409 ‘singula
516 1332 587 1390 dum
623 1326 738 1392 narrat'
773 1325 858 1412 (39),
900 1351 976 1409 quae
1013 1333 1141 1392 fortasse
1176 1333 1342 1410 longiorem

219 1458 340 1516 poscere
364 1438 545 1498 videbantur
568 1432 792 1515 expositionem.
829 1437 992 1497 Praeterea
1014 1438 1172 1499 haeremus
1195 1440 1226 1498 in
1249 1458 1341 1498 enun-

221 1547 297 1607 tiato
322 1541 368 1606 ‘ut
390 1545 481 1605 rediit
503 1539 642 1622 animus',
664 1564 732 1604 eum
755 1548 844 1604 antea
866 1563 926 1604 non
950 1545 990 1606 sit
1017 1544 1127 1605 dietum
1152 1546 1342 1622 Hypsipylen

220 1654 320 1714 animo
346 1671 410 1712 esse
434 1651 578 1711 relictam
626 1651 811 1726 Ubicumque
835 1649 914 1710 enim
936 1649 1017 1710 Naso
1041 1651 1077 1710 de
1103 1651 1214 1710 femina
1242 1653 1342 1730 aliqua

221 1760 318 1820 simile
342 1758 456 1836 aliquid
479 1758 572 1818 habet
595 1749 693 1837 (velut
712 1776 756 1833 ep.
776 1757 861 1834 XIII,
882 1758 921 1816 29
947 1760 978 1817 et
1003 1759 1058 1834 233
1080 1777 1108 1820 a.
1132 1777 1158 1819 a.
1182 1759 1237 1835 ΙΙΙ,
1262 1762 1341 1835 7073

153 1884 157 1894 ·
219 1867 252 1926 F.
276 1865 331 1942 ΙΙΙ,
355 1867 432 1941 3333
457 1864 493 1942 V,
518 1857 606 1945 515),
629 1883 781 1942 nunquam
804 1863 906 1924 omisit
929 1868 1018 1924 antea
1040 1883 1164 1924 narrare
1188 1883 1254 1924 eam
1276 1867 1340 1942 pel·

219 1971 310 2030 luisse
333 1976 365 2031 et
387 1971 616 2031 intermortuam
639 1989 713 2030 esse.

308 2079 408 2156 Atque
437 2077 529 2136 etiam
556 2077 667 2138 iterata
696 2077 732 2136 de
760 2077 881 2138 Iasonis
909 2078 973 2138 vita
1001 2079 1136 2156 quaestio
1170 2080 1341 2154 scrupulum

218 2189 329 2261 movet,
353 2189 384 2244 st
402 2183 481 2261 quod
504 2187 594 2262 poeta
617 2187 707 2244 antea
729 2184 814 2242 illum
837 2183 938 2243 vivere
961 2186 1039 2243 teste
1062 2185 1117 2242 deo
1140 2185 1340 2245 affirmantem

219 2290 377 2350 induxerat
405 2290 555 2365 hospitem
582 2292 613 2348 et
641 2289 720 2367 quod
748 2289 778 2347 in
806 2289 948 2366 proximis
976 2289 1112 2350 versibus
1143 2290 1220 2350 hano
1251 2292 1340 2367 plone

220 2395 629 2489 omittit'interrogetionem.
671 2396 845 2456 Sermonem
868 2415 948 2476 vero,
972 2397 1030 2478 etsi
1052 2415 1112 2456 non
1135 2397 1277 2456 abhorret
1299 2399 1338 2457 ab

219 2502 365 2564 Ouidiano
380 2503 495 2564 dioendi
513 2523 579 2580 usu,
598 2506 732 2562 attamen
750 2508 831 2564 certe
850 2506 946 2564 multo
965 2504 1119 2564 exiliorem
1138 2507 1169 2563 et
1187 2505 1339 2582 aliquanto

217 2609 315 2669 minus
350 2612 489 2669 ornatum
522 2628 588 2668 esse
620 2613 746 2685 apparet
780 2629 869 2686 quam
901 2611 1002 2686 priora
1034 2610 1088 2668 illa
1119 2611 1211 2669 verba
1242 2603 1340 2692 (velut

217 2715 254 2774 of.
274 2737 302 2776 v.
324 2719 365 2776 10
384 2719 414 2775 et
433 2718 486 2792 32,
508 2719 545 2774 11
568 2719 599 2783 et
619 2717 670 2792 33,
692 2718 731 2776 13
752 2735 795 2792 sq.
815 2719 846 2775 et
865 2709 930 2797 37).
971 2717 1071 2794 Atque
1095 2716 1169 2774 illud
1194 2709 1339 2776 ‘devictus

219 2817 352 2899 serpens'
364 2821 485 2883 ototius
500 2821 558 2881 looi
572 2821 791 2882 construetione
807 2821 938 2881 alienum
953 2825 1108 2898 estusque
1122 2826 1224 2881 tamen
1238 2841 1337 2882 emen-

217 2929 332 2990 dationi
354 2929 409 2988 ulli
428 2929 493 2988 soss'
514 2929 609 2988 offert.
633 2927 818 2988 Coniecturis
837 2947 897 2988 non
912 2932 959 2988 est
972 2928 1133 2988 tentandus
1147 2929 1238 2988 loeus.
1261 2928 1339 2988 Nam

218 3037 244 3094 si
266 3037 434 3112 legeremus
457 3029 619 3095 ‘devictum
643 3029 833 3112 serpentem',
857 3035 1006 3112 languida,
1024 3038 1104 3094 esset
1123 3034 1219 3094 oratio
1239 3037 1269 3093 et
1288 3035 1338 3094 de·
1428 3077 1433 3088 ,

137 3121 141 3132 ’
216 3141 401 3202 siderarstur
431 3142 550 3218 copula,
585 3142 630 3201 sin
658 3136 786 3214 ‘deviato
816 3137 975 3218 serpente'‚
1009 3141 1153 3218 temporis
1181 3141 1253 3201 ordo
1276 3160 1337 3201 non

216 3251 397 3310 servaretur.
443 3248 547 3308 Nonne
575 3267 668 3324 paone
696 3249 862 3324 putandum
891 3253 937 3308 est
960 3247 1026 3306 ideo
1050 3251 1113 3306 tam
1135 3248 1262 3322 abrupte
1285 3267 1336 3324 po-

216 3355 309 3416 situm
327 3354 402 3413 illud
422 3373 496 3430 esse,
519 3353 597 3430 quod
616 3352 732 3413 taeduit
750 3353 995 3429 interpolatorem
1020 3351 1119 3414 omnia
1142 3352 1250 3430 iterum
1273 3355 1336 3414 lon-

215 3463 283 3539 gius
302 3461 470 3539 exponere?
496 3460 631 3538 Denique
651 3460 723 3538 quin
740 3461 870 3536 perbene
890 3461 974 3539 sequi
987 3461 1104 3538 possint
1117 3477 1222 3519 versus
1237 3462 1278 3520 39
1294 3479 1337 3538 sq.

216 3586 336 3628 versum
356 3571 407 3644 30,
424 3587 485 3628 non
503 3567 617 3626 dubito.
645 3567 751 3644 Itaque
772 3566 928 3627 deleantur
946 3587 973 3642 ν,
994 3569 1123 3628 31-38
1142 3585 1263 3626 neessse
1282 3572 1337 3628 est.

304 3673 390 3734 Idem
407 3674 600 3733 statuendum
619 3693 683 3734 esse
703 3677 815 3749 censet
822 3673 965 3733 Lehrsius
989 3669 1024 3754 (l
1042 3692 1065 3734 c.
1085 3694 1112 3749 p.
1134 3665 1189 3755 66)
1214 3672 1250 3733 de
1270 3693 1337 3734 vor-

215 3781 298 3841 sibus
317 3781 369 3856 IX,
388 3781 551 3839 83-102.
588 3779 676 3840 Certe
698 3797 759 3838 non
782 3780 879 3838 solum
902 3779 1010 3856 omnia,
1033 3797 1109 3856 quae
1132 3779 1187 3840 hoo
1209 3781 1274 3840 looo
1298 3782 1336 3840 ab

214 3888 344 3950 Hereule
376 3886 495 3946 narrari
526 3885 693 3962 finguntur,
725 3885 785 3946 iam
818 3889 1051 3946 commemorata
1082 3891 1169 3946 erant
1201 3905 1219 3945 a
1247 3887 1335 3947 Deia-

214 3985 356 4072 nurus.
380 3994 419 4052 su
445 3992 476 4050 et
500 3993 551 4066 90,
576 3993 616 4050 37
641 3993 672 4049 et
695 3993 747 4066 oa,
771 3973 813 4048 aa
837 3993 868 4049 et
892 3993 932 4050 ss
956 3981 1036 4071 eu),
1059 3991 1111 4050 ser
1135 3991 1226 4051 etam
1249 4011 1335 4070 pras·
1362 4044 1364 4047 ,

214 4100 296 4158 clara
333 4098 471 4158 Herculis
508 4099 589 4157 faeta
626 4095 807 4174 indignaque
843 4097 897 4156 illa
928 4097 991 4156 eius
1029 4096 1161 4158 eondieio
1197 4103 1233 4157 ut
1268 4118 1336 4159 eum

214 4203 344 4265 ludibrio
368 4204 426 4264 sibi
453 4207 655 4282 opponantur,
681 4223 776 4282 neque
802 4203 944 4282 languida
972 4223 1046 4280 opus
1074 4207 1121 4263 est
1148 4204 1334 4283 repetitione,

215 4314 246 4372 et
283 4311 357 4372 satis
390 4330 538 4391 superque
571 4292 705 4373 efficiunt
735 4311 827 4373 eeteri
858 4330 964 4372 versus
996 4303 1053 4393 (57
1086 4303 1154 4392 sq).
1211 4311 1335 4374 Aeesdit
