3206 4928
739 379 972 463 -aof

285 561 480 640 suspiciosum
506 560 639 641 videtur,
672 567 761 640 atque
793 563 872 623 idem
905 562 968 622 sine
1001 563 1091 622 dubio
1120 558 1313 622 statuendum
1341 565 1405 622 erat

285 669 322 728 de
345 689 391 745 ep.
413 669 480 746 XII,
503 671 583 746 quod
612 670 695 730 nulla
722 675 879 747 praeterea
906 669 1085 730 auctoritate
1112 668 1233 745 nititur,
1259 669 1318 728 nisi
1345 668 1404 728 edi·

285 777 374 836 tionis
390 777 524 837 Venetae
546 778 669 853 primae,
693 778 724 837 in
746 797 806 855 qua
828 778 982 837 meliorem
1006 777 1137 837 codicem
1156 794 1329 853 expressum
1346 793 1405 835 non

285 902 350 944 esse
368 885 487 944 constat
506 877 558 966 (cl.
574 883 750 962 Sedlmayer
762 885 838 960 prol.
852 884 917 945 ortt.
931 904 960 960 p.
976 876 1042 965 95).
1085 882 1177 942 Tardi
1196 886 1276 944 certe
1295 882 1405 960 ingenii

284 991 310 1051 is
341 991 414 1068 fuit,
446 992 498 1068 qui
528 993 659 1068 primum
691 993 881 1052 enuntiatum
912 992 1129 1068 complemento
1162 1011 1273 1069 angere
1301 989 1404 1064 voluit,

284 1098 394 1175 quippe
422 1096 501 1175 qnod
527 1117 623 1175 neque
654 1098 734 1158 iusto
762 1097 851 1158 modo
874 1099 1033 1159 cohaerere
1055 1117 1123 1159 cnm
1145 1097 1287 1175 proximis
1310 1115 1404 1174 neque

285 1205 324 1264 ad
345 1203 444 1264 totam
466 1204 626 1280 epistulam
648 1204 795 1282 quadrare
818 1208 929 1281 pateat.
977 1250 980 1255 -

375 1313 430 1388 Ep.
453 1311 513 1371 VII
535 1313 654 1372 initium
677 1311 809 1372 traditur
831 1331 850 1371 a
872 1312 971 1373 codice
994 1312 1147 1390 Etonensi,
1171 1312 1222 1388 qui
1245 1311 1311 1372 aliis
1335 1329 1404 1387 qno·

286 1437 344 1494 qne
372 1418 482 1494 spuriis
509 1418 604 1478 initiis
630 1437 685 1478 nos
712 1418 826 1495 beavit,
854 1436 963 1495 neque,
991 1421 1027 1477 ut
1053 1418 1220 1495 permultae
1244 1415 1320 1476 aliae
1344 1417 1405 1476 eius

285 1524 541 1601 interpolationes,
563 1525 620 1584 hoc
639 1525 787 1585 distichon
804 1525 836 1583 in
853 1525 981 1585 relicuos
999 1525 1092 1586 libros
1115 1524 1244 1600 irrepsit,
1267 1524 1405 1600 quoniam

285 1637 320 1691 ut
344 1651 434 1708 supra
456 1631 585 1692 vidimus
608 1652 668 1692 non
689 1632 753 1692 fere
776 1635 859 1692 totus
887 1633 1071 1708 perscriptus
1099 1636 1145 1692 est
1172 1632 1261 1706 liber,
1290 1631 1342 1690 sed
1369 1631 1406 1688 ad

286 1738 478 1818 corrigendos
497 1739 572 1798 ahos
591 1739 706 1799 codices
725 1739 886 1800 adhibitus.
924 1741 1023 1818 Atque
1047 1743 1175 1817 augetur
1198 1739 1234 1798 de
1257 1736 1318 1797 illis
1341 1755 1404 1797 ver-

287 1846 370 1906 sibus
394 1846 564 1922 scrupuluS,
592 1847 672 1922 quod
695 1865 754 1906 non
782 1851 852 1924 apte
879 1846 1000 1907 videtur
1026 1865 1062 1906 ea
1089 1845 1246 1924 cogitatio,
1273 1863 1350 1921 quae
1376 1842 1406 1900 in

285 1973 315 2014 v.
346 1956 378 2030 1,
407 1955 425 2012 2
457 1954 593 2029 exemplo
625 1954 796 2013 illustratur
827 1973 862 2014 ac
895 1953 1001 2012 deinde
1033 1973 1087 2029 per
1118 1957 1215 2013 totam
1248 1949 1406 2028 epistulam

287 2055 383 2137 magis
415 2060 547 2136 velatur,
579 2079 669 2136 quam
701 2061 780 2119 clare
813 2059 992 2137 exprimitur
1024 2065 1115 2137 atque
1142 2060 1174 2118 in
1200 2059 1258 2117 fine
1286 2057 1406 2115 demum

288 2165 400 2242 apertis
423 2166 523 2227 verbis
547 2167 672 2232 affertur
696 2160 774 2249 (183
795 2159 887 2248 sqq),
910 2167 942 2226 in
959 2167 1024 2244 ipso
1043 2167 1129 2226 initio
1148 2169 1212 2226 tam
1230 2163 1311 2223 nuda
1328 2163 1406 2240 poni,

287 2277 322 2332 ut
347 2273 382 2332 fit
405 2273 521 2333 duobus
544 2274 605 2332 illis
628 2275 764 2334 versibus
788 2274 943 2350 suppletis.
985 2274 1084 2351 Atque
1108 2292 1257 2350 quacum
1280 2289 1313 2329 re
1331 2288 1407 2329 com-

287 2381 449 2456 poneretur
460 2380 551 2440 oloris
566 2384 680 2457 cantus,
695 2385 775 2441 certe
790 2380 966 2458 languridum
979 2384 1046 2440 erat
1061 2380 1236 2455 explicatius
1251 2395 1405 2454 exponere,

287 2505 356 2545 cum
383 2487 414 2545 in
442 2487 557 2546 duobus
585 2505 662 2563 quae
686 2491 851 2564 sequuntur
874 2487 1009 2548 distichis
1032 2488 1227 2548 contiueatur.
1253 2515 1292 2526 -
1317 2484 1407 2543 Item·

289 2611 346 2670 que
365 2592 436 2650 XVI
455 2593 504 2669 ep.'
521 2592 668 2670 cogitatio
692 2613 782 2671 quam
799 2595 938 2670 praefixit
959 2595 1058 2655 nescio
1078 2596 1144 2671 quis
1163 2588 1213 2674 (cf.
1234 2591 1408 2667 Sedlmayer

165 2717 174 2730 ¹
288 2701 308 2760 l.
323 2719 346 2762 c.
361 2720 390 2777 p.
407 2691 473 2780 67),
495 2699 638 2760 facillime
662 2702 760 2761 animo
784 2703 949 2778 suppletur.
988 2703 1101 2762 Versus
1123 2701 1181 2777 ipsi
1204 2699 1284 2759 omni
1307 2700 1410 2757 carent

290 2807 469 2866 auctoritate
492 2807 635 2867 codicum.
659 2839 701 2850 -·-
725 2809 761 2867 In
783 2808 860 2867 VIII
884 2812 914 2869 et
937 2809 979 2868 IX
1006 2827 1065 2884 ep,
1092 2812 1303 2884 praeterquam
1330 2802 1408 2881 quod

290 2913 320 2972 in
342 2915 398 2972 hac
421 2913 567 2989 puerilem
589 2915 620 2973 in
643 2914 764 2975 modum
787 2916 917 2992 primum
940 2916 1006 2992 ipsa
1028 2916 1158 2992 epistula
1180 2915 1304 2991 loquens
1327 2911 1410 2970 indu-

290 3021 368 3079 citur
397 3024 487 3096 atque
515 3021 653 3097 pergitur
679 3022 710 3080 in
739 3021 843 3082 codem
867 3024 1036 3098 enuntiato,
1064 3021 1149 3098 quasi
1172 3020 1313 3080 Deianira
1336 3019 1408 3076 allo-

290 3130 432 3203 queretur
456 3127 624 3204 Herculem,
647 3128 703 3187 hoc
726 3129 916 3204 potissimum
939 3129 1071 3203 offendit,
1097 3127 1174 3204 quod
1197 3126 1321 3186 heroine
1338 3125 1410 3184 dicit

292 3253 324 3294 sc
351 3253 410 3292 non
437 3233 498 3291 iam
526 3252 591 3294 esse
618 3234 717 3294 herois
745 3235 838 3294 amati
866 3254 996 3295 uxorem.
1043 3233 1129 3305 Quod
1156 3233 1277 3310 quidem
1304 3236 1410 3294 stota

292 3341 421 3418 epistula
444 3340 574 3398 alienum
598 3359 661 3402 esse
686 3345 823 3418 apertum
847 3345 894 3400 est
916 3335 967 3421 (cf.
982 3340 1066 3416 VIII,
1081 3343 1122 3400 28
1139 3360 1194 3418 sq.;
1218 3341 1269 3416 IX,
1284 3342 1326 3399 27
1342 3331 1410 3419 sq).

346 3455 351 3460 ’
382 3447 488 3522 Itaque
517 3440 668 3529 singula¹)
697 3465 772 3524 qnae
801 3448 953 3508 adduntur
980 3447 1108 3506 disticha
1135 3447 1208 3506 satie
1236 3445 1410 3523 suspicionis

290 3557 425 3629 movent,
452 3557 488 3612 ut
511 3555 669 3630 capotius
692 3555 738 3613 illi
757 3555 912 3622 ,variorum
934 3555 1182 3630 interpolatorum
1204 3553 1302 3613 studio
1326 3553 1411 3613 attri-

291 3662 419 3721 buamus
447 3661 484 3721 ad
512 3662 639 3721 similem
667 3661 865 3739 complurium
895 3661 1093 3738 epistularum
1125 3661 1252 3720 formam
1284 3659 1411 3720 relicuas

291 3768 440 3845 pleniores
467 3767 616 3829 reddendi.
641 3801 683 3811 -
707 3769 807 3845 Atque
835 3787 902 3830 cum
928 3766 1091 3828 viderimus
1113 3767 1243 3843 primurn
1265 3765 1346 3824 haud
1368 3764 1412 3824 ita

366 3961 393 4027 1)
411 3957 453 4013 De
467 3956 578 4012 relicuis
593 3974 666 4025 qnae
681 3957 709 4012 in
720 3955 923 4012 recentioribus
936 3955 1016 4012 libris
1031 3956 1173 4010 adduntur
1187 3954 1315 4010 distichis
1330 3969 1410 4009 accu-

294 4047 381 4104 ratius
398 4047 482 4100 mitto
502 4063 645 4116 quaerere,
664 4063 727 4101 cum
747 4048 776 4100 et
794 4045 938 4100 Vahlenus
956 4044 1114 4100 necessaria
1133 4059 1166 4098 ea
1184 4059 1244 4098 csse
1262 4059 1318 4098 non
1337 4043 1411 4097 affir-

293 4141 360 4206 met,
379 4139 409 4192 ct
427 4151 461 4190 ea
479 4134 584 4190 ficticia
601 4152 662 4190 esse
677 4135 768 4205 primo
783 4135 884 4189 obtutu
898 4136 1041 4204 appareat.
1068 4133 1169 4202 Unum,
1189 4149 1206 4186 a
1220 4150 1275 4200 quo
1289 4131 1412 4186 inlibris

293 4225 462 4297 quibusdam
481 4242 525 4294 ep.
544 4223 608 4279 XIX
627 4224 744 4294 orditur,
763 4242 828 4279 cnm
846 4222 1020 4278 simillimum
1039 4221 1076 4277 sit
1093 4238 1136 4291 ep.
1156 4221 1209 4276 VII
1227 4219 1413 4290 inscriptioni.

293 4331 378 4386 quam
397 4315 514 4384 praebet
531 4312 692 4382 Etonensis,
715 4330 749 4366 ex
767 4313 821 4366 hoc
839 4311 912 4366 libro
931 4310 1042 4364 fluxisse
1061 4310 1179 4365 videtur.
