3206 4928
657 373 871 440 ..47-

203 578 295 622 necne
319 558 518 622 dubitandum
542 563 601 637 est,
629 557 770 636 quoniam
791 577 888 635 neque
910 556 1093 618 necessarios
1117 573 1167 615 eos
1191 573 1255 616 esse
1278 555 1328 614 de-

204 669 373 746 monstrari,
396 687 501 746 neque,
525 667 577 744 qui
598 667 713 727 factum
731 665 780 743 sit,
804 669 838 725 ut
856 665 1026 742 exciderint,
1050 664 1124 724 satis
1142 662 1329 738 probabilem

204 773 235 832 in
253 775 376 834 modum
394 775 498 833 coniici
516 775 625 850 potest.
664 771 825 831 Sedtemen
843 771 983 848 quoniam
1001 770 1131 829 codicem
1151 767 1328 843 Guelferby*

203 885 309 941 tenum
331 882 375 941 ‘ab
398 881 458 940 illis
485 879 621 941 versibus
644 878 795 956 insiticiis,
823 878 874 954 qui
897 897 934 936 cx
956 879 1052 937 altera
1075 877 1129 935 illa
1150 875 1329 949 recensione,

165 1039 173 1058 ,
204 1008 294 1064 quam
316 989 351 1050 ll.
370 989 591 1064 repraesentat,
614 985 735 1044 fluxisse
758 985 906 1061 videntur,
930 985 1092 1066 immunem
1115 1002 1180 1042 esse
1204 985 1329 1056 constat,

204 1096 333 1157 fortasse
352 1098 408 1154 hoc
431 1114 548 1172 quoque
567 1096 632 1153 loco
652 1092 775 1170 genuini
793 1111 897 1153 versus
916 1091 1028 1152 servati
1048 1094 1130 1168 sunt3
1154 1092 1244 1166 atque
1263 1107 1331 1147 cum

205 1202 335 1278 perbene
364 1204 433 1262 ante
461 1222 489 1262 v.
510 1204 549 1262 21
574 1201 645 1277 poni
667 1199 798 1276 possint,
825 1198 876 1260 vix
898 1217 988 1260 causa
1011 1201 1070 1275 est,
1097 1215 1232 1257 cernon
1254 1195 1327 1253 reei-

205 1309 337 1383 piantur.
944 1301 945 1304 ’

294 1416 431 1493 Itemque
460 1415 534 1474 duos
562 1415 656 1492 locos,
689 1434 764 1491 quos
792 1414 893 1474 omisit
919 1413 1102 1487 Puteaneus,
1135 1411 1331 1470 servaverunt

206 1541 309 1581 omnes
332 1522 436 1581 relicui
459 1521 529 1581 libri
552 1522 603 1598 IX,
621 1524 681 1581 147
700 1540 742 1596 sq.
762 1524 793 1580 et
810 1519 891 1595 XIV,
907 1521 958 1594 62,
975 1521 1036 1578 113
1052 1537 1095 1595 sq.

230 1692 232 1694 ,
295 1628 400 1703 Neque
423 1648 494 1688 vero
518 1629 554 1688 de
577 1629 714 1688 versibus
734 1628 784 1703 IX,
801 1627 985 1701 147—152,
1008 1643 1082 1701 quos
1105 1623 1219 1683 incuria
1240 1623 1331 1682 libra·
1411 1637 1413 1641 ’

207 1733 321 1792 riorum
340 1734 579 1795 homoeoteleuto
598 1735 791 1811 deceptorum
804 1734 835 1792 in
849 1733 1001 1794 Puteouco
1016 1732 1220 1792 omissosesse
1238 1732 1331 1806 patet,
1378 1769 1389 1776 κ

208 1859 303 1916 neque
326 1841 363 1899 de
385 1841 464 1917 XIV,
486 1862 514 1903 v.
538 1845 578 1906 62
603 1845 635 1902 et
659 1844 825 1918 113,114,
849 1841 885 1900 de
908 1841 1016 1916 quibus
1038 1840 1191 1915 praeclare
1214 1838 1331 1928 locutus

209 1951 255 2006 est
277 1947 347 2007 Luc.
367 1947 512 2007 Mdllerus
542 1943 593 2030 (de
621 1968 653 2007 re
666 1949 801 2008 vmetrica
822 1949 901 2024 poet.
921 1946 955 2007 L.
974 1967 1003 2022 p.
1021 1948 1064 2005 45
1086 1940 1158 2026 sq),
1186 1944 1332 2021 ampliora

206 2052 292 2113 nobis
316 2052 453 2114 addenda
476 2058 553 2115 sunt.

726 2118 803 2272 sc.

298 2317 356 2377 Sed
379 2318 472 2378 ctiam
494 2317 613 2397 longius
636 2319 777 2396 progredi
799 2338 853 2380 nos
877 2337 965 2397 posse
987 2322 1061 2395 puto
1085 2318 1142 2394 ita,
1168 2322 1203 2378 ut
1224 2319 1273 2378 vel
1288 2311 1333 2376 'ex
1437 2321 1438 2324 ’

208 2425 293 2484 libris
321 2424 519 2486 deterioribus
547 2431 578 2486 et
606 2427 820 2487 recentioribus
843 2431 934 2504 atque
958 2427 1048 2487 etiarn
1072 2446 1109 2485 ex
1131 2425 1204 2503 ipsis
1227 2425 1332 2501 primis

208 2531 389 2592 editionibus
411 2551 517 2593 versus
542 2534 575 2591 ut
597 2533 743 2610 genuinos
766 2533 954 2609 recipiemus.

297 2637 338 2698 Et
369 2640 425 2700 hoc
457 2641 521 2700 loco
554 2639 591 2700 de
623 2640 717 2700 initiis
749 2659 866 2720 quoque
899 2639 1096 2716 epistularum
1128 2638 1333 2699 disserendum

208 2745 295 2806 uobis
319 2749 373 2807 est.

299 2853 374 2912 Cum
404 2854 482 2914 enim
507 2853 538 2913 in
562 2853 683 2930 optimis
706 2853 855 2914 codicibus
878 2853 1030 2913 nonnullis
1053 2856 1172 2912 tautum
1195 2853 1333 2930 epistulis

210 2959 359 3018 addantur
385 2960 484 3036 initia,
512 2961 620 3037 quibus
648 2961 810 3038 indicetur,
838 2980 856 3020 e
882 2980 1011 3038 quanam
1038 2960 1149 3019 femina
1177 2958 1215 3018 ed
1245 2979 1334 3037 quem

209 3066 331 3125 heroem
354 3066 462 3126 dentur
484 3067 619 3144 litterae,
642 3068 719 3128 tales
743 3087 848 3128 versus
871 3068 902 3127 in
925 3067 1140 3128 recentioribus
1163 3067 1248 3126 libris
1272 3085 1332 3124 om·

209 3173 297 3232 nibus
321 3172 457 3250 epistulis
480 3173 694 3250 praefiguntur.
736 3174 836 3250 Atque
860 3177 938 3248 sunt,
962 3173 1013 3249 qui
1036 3175 1108 3232 haec
1131 3173 1258 3232 disticha
1280 3176 1334 3231 aut

210 3280 310 3340 omnia
337 3282 390 3340 aut
417 3280 548 3357 plurima
575 3281 705 3358 genuina
731 3280 838 3340 baberi
865 3273 991 3361 velint¹)
1020 3282 1073 3340 aut
1100 3282 1180 3338 certe
1208 3279 1239 3337 iu
1261 3297 1332 3337 una·

210 3406 327 3464 quaque
355 3389 485 3463 epistula
511 3388 680 3448 necessaria
708 3407 773 3447 esse
799 3387 886 3446 initia
908 3387 962 3446 illa
985 3386 1097 3462 dicant,
1125 3385 1177 3444 alii
1201 3386 1334 3444 codicum

211 3494 390 3554 auctoritate
413 3496 472 3555 nisi
495 3496 603 3572 omnia,
627 3513 702 3574 quae
725 3514 784 3554 non
806 3495 866 3554 sint
884 3494 915 3553 in
933 3494 1031 3555 codice
1050 3493 1211 3568 Puteaneo,
1236 3493 1335 3552 omitti

210 3599 324 3660 volunt.
370 3599 506 3660 Primum
529 3602 647 3679 quidem
671 3602 721 3662 vix
744 3601 943 3678 intellegitur,
967 3600 1018 3678 qui
1041 3599 1106 3659 fieri
1127 3599 1273 3677 potuerit,
1300 3604 1336 3660 ut

210 3706 276 3782 ipsa
308 3705 505 3782 epistularum
535 3709 621 3770 initia
651 3728 669 3768 a
697 3709 828 3768 librariis
858 3708 1077 3768 omitterentur.
1126 3707 1230 3786 Neque
1259 3727 1335 3787 quae

211 3813 299 3873 affert
317 3812 471 3873 Vahlenus
496 3806 530 3891 (l.
544 3833 567 3874 c.
581 3834 611 3888 p.
626 3805 692 3896 35),
716 3818 750 3873 ut
773 3814 848 3874 illud
869 3814 1002 3874 illustret
1021 3805 1248 3894 (‘vermutblich
1266 3815 1335 3873 weil

211 3921 264 3981 der
281 3923 379 3981 Reum
397 3942 432 3980 zu
455 3920 724 3997 kelligraphischer
741 3921 938 3999 Ausfdhnmg
957 3921 1011 3980 der
1028 3921 1121 3980 Verse
1140 3921 1335 3998 freigelassen

215 4019 313 4108 war'),
329 4027 401 4087 satis
417 4027 587 4104 probabilia
600 4026 748 4104 videntur,
766 4047 825 4088 non
840 4046 898 4105 quo
912 4028 944 4087 in
960 4027 1109 4088 codicibus
1123 4026 1335 4088 vetustissimis

288 4215 314 4284 1)
333 4213 368 4269 cf.
383 4213 570 4271 Lindemanni
584 4213 671 4271 editio
686 4213 874 4285 aliorumquer
888 4213 913 4270 J.
928 4215 1049 4286 Vahlen,
1061 4216 1131 4271 iiber
1145 4213 1191 4270 die
1205 4213 1334 4287 Anfdnge

211 4302 262 4357 der
279 4302 419 4358 Heroiden
440 4303 488 4358 des
507 4303 580 4360 Ovid
600 4303 703 4376 (Berol.
720 4308 807 4376 1881).
