3206 4928
735 389 952 453 „46.„

286 576 382 650 stant,
410 577 593 650 separantur.
642 571 720 633 Sunt
746 571 798 650 qui
821 573 875 631 hac
902 572 989 630 inre
1013 589 1081 632 eam
1103 588 1239 630 normam
1263 571 1407 648 statuant,

285 683 320 740 ut
348 679 386 739 ad
412 699 506 740 unum
534 699 636 740 omnes
661 699 780 756 versus,
809 679 861 755 qui
882 697 943 738 101
966 679 1026 738 sint
1049 679 1079 737 in
1103 677 1253 738 codicibus
1275 676 1408 737 melioris
1447 739 1449 744 ,

285 789 387 863 notae,
416 786 535 846 omnino
558 787 724 846 deleantur.
770 785 930 846 Sedtamen
957 785 1033 844 hanc
1059 785 1180 863 quidem
1203 765 1332 844 duorum
1354 785 1408 843 tri-

284 913 374 953 umve
396 890 530 954 codicum
554 894 735 970 optimorum
753 892 893 953 fiduciam
911 895 1139 970 oeterorumque
1158 892 1408 968 contemptionem

285 999 408 1060 nimiam
427 1003 459 1060 et
476 1000 658 1059 immeritam
681 1019 746 1060 esse
765 1018 928 1060 censemus.
964 999 1043 1058 Nam
1061 984 1129 1058 eum
1150 998 1291 1058 facillimo
1309 1017 1407 1058 errore

285 1110 316 1166 et
347 1107 472 1182 proclivi
503 1106 696 1167 librariorum
727 1108 841 1168 incuria
872 1125 977 1167 versus
1008 1106 1131 1183 genuini
1164 1105 1195 1164 in
1221 1106 1281 1166 illis
1310 1105 1408 1165 omitti
1451 1093 1455 1102 ’

285 1214 455 1291 potuerint„
480 1215 531 1274 alii
564 1216 705 1275 foliorum
732 1201 928 1293 quorundam·
947 1215 1064 1275 iactura
1092 1216 1145 1274 aut
1173 1213 1240 1273 aliis
1263 1211 1408 1272 eiusmodi

285 1321 403 1380 casibus
431 1321 567 1399 interire,
594 1341 654 1382 101
681 1321 780 1381 minus
807 1322 870 1381 fere
898 1321 1039 1380 credibile
1068 1323 1115 1379 est
1137 1318 1283 1395 quosdam
1305 1322 1406 1379 extare

285 1427 393 1510 libros,
422 1428 486 1505 qui,
515 1447 570 1505 per
596 1430 704 1488 seriem
732 1429 865 1488 codicum
891 1429 977 1488 nobis
1002 1427 1175 1503 ignotorum
1196 1425 1245 1486 vel
1267 1444 1327 1484 101
1349 1425 1407 1483 iam

287 1535 483 1610 superstitum
516 1555 534 1594 a
561 1537 660 1594 codiee
686 1537 802 1612 integro
829 1534 969 1610 derivati,
1002 1553 1038 1592 ex
1060 1531 1209 1592 codicibus
1232 1532 1407 1608 vulgaribus

222 1648 225 1654 '
286 1641 447 1701 asciverint
479 1641 642 1717 scripturas
674 1642 872 1717 interpolatas
904 1659 998 1717 ecque
1025 1639 1113 1702 modo
1141 1657 1208 1698 cum
1236 1637 1407 1714 ceteroquin

285 1745 532 1823 degeneraverint
555 1751 586 1807 et
609 1767 675 1808 curn
698 1749 760 1808 illis
783 1749 894 1808 sensim
917 1748 978 1806 sint
1000 1745 1135 1822 aequati,
1163 1745 1279 1820 copiam
1306 1748 1407 1804 tamen

285 1872 427 1914 versuum
463 1853 632 1914 uberiorem
670 1856 863 1916 servaverint.
904 1831 1033 1926 ¹Quodsi
1064 1871 1158 1912 nexus
1189 1850 1406 1911 sententiarum

285 1959 386 2036 aliquo
419 1961 483 2021 loco
517 1963 656 2022 lacunam
690 1981 755 2022 esse
787 1965 931 2037 testatur,
963 1964 994 2020 et
1029 1960 1061 2018 in
1093 1958 1241 2019 deteriore
1278 1957 1405 2033 quodam

285 2067 363 2127 libro
397 2087 503 2130 versus
540 2073 657 2146 extant,
689 2051 740 2146 qui
777 2087 844 2128 eam
875 2068 1014 2126 lacunam
1049 2067 1093 2126 ita
1124 2067 1277 2143 expleant,
1309 2067 1345 2124 111
1377 2065 1407 2121 01

285 2175 425 2235 carminis
454 2177 591 2254 compagi
618 2175 895 2253 sententiarumque
925 2174 1021 2233 ordini
1042 2173 1174 2250 perfecte
1203 2171 1267 2246 apti
1289 2174 1320 2232 et
1347 2169 1406 2228 dic·

285 2282 377 2342 tionis
406 2302 657 2363 numerorumque
690 2287 755 2342 arte
783 2281 867 2360 digni
895 2300 960 2342 esse
988 2281 1083 2340 totius
1112 2279 1258 2355 epistulae
1286 2280 1406 2337 auctore

285 2389 459 2468 videantur,
485 2390 540 2450 hos
568 2391 600 2450 in
627 2393 758 2467 textum,
790 2389 843 2464 qui
870 2388 992 2466 dicitur,
1023 2384 1210 2462 recipiendos
1237 2403 1302 2444 esse
1324 2385 1407 2460 puto,

286 2499 377 2572 atque
411 2499 540 2575 augetur
573 2497 678 2573 etiam,
709 2498 745 2555 ut
776 2495 864 2571 plane
893 2494 1100 2569 confirmetur,
1131 2491 1203 2550 talis
1229 2468 1407 2549 accessionis

285 2601 374 2676 fides,
402 2602 427 2660 si
454 2602 503 2661 vel
526 2602 660 2663 divinare
683 2602 732 2662 vel
755 2619 932 2678 cognoscere
955 2601 1034 2676 licet,
1058 2617 1147 2674 quam
1172 2597 1210 2655 ab
1233 2615 1354 2656 causam
1376 2595 1409 2652 in

285 2707 406 2768 relicuis
429 2700 522 2768 libris
539 2709 710 2770 exciderint.
816 2704 819 2708 ’
1234 2702 1240 2712 ’

374 2815 475 2891 Atque
498 2816 629 2892 primum
653 2815 774 2894 quidem
796 2833 901 2874 eorum
923 2833 1075 2891 versuum,
1098 2829 1173 2890 quos
1197 2808 1298 2870 omisit
1315 2808 1406 2867 Pute-

286 2941 388 2999 aneus,
407 2941 508 2981 omnes
529 2923 633 2982 relicui
651 2921 722 2981 libri
741 2939 835 2980 unum
854 2923 1050 2981 servaverunt
1068 2917 1224 2994 distichon,
1245 2915 1324 2992 quod
1343 2933 1407 2974 esse

285 3031 452 3114 genuimun
472 3035 554 3091 certo
579 3029 728 3090 affirmare
751 3029 836 3106 licet,
859 3027 1027 3105 XVH,12:

445 3137 541 3197 Mittit
564 3136 740 3212 AbydenuS,
765 3153 855 3212 quam
875 3134 983 3193 mallet
1005 3133 1084 3191 ferre
1108 3132 1251 3207 salutem,

491 3244 524 3303 si
546 3243 633 3304 cadat
655 3242 736 3302 unda
758 3243 863 3317 maris,
889 3240 976 3300 Sesta
998 3240 1114 3315 puella,
1136 3237 1202 3298 tibi.

375 3351 479 3426 Neque
503 3350 582 3410 enim
605 3351 704 3409 solum
726 3349 914 3408 desideratur
937 3346 1001 3405 eins
1025 3345 1172 3420 epistulae
1194 3342 1256 3401 tale
1279 3340 1406 3414 initium,
1459 3396 1461 3402 ,

285 3461 375 3534 atque
407 3457 439 3515 hi
471 3476 589 3534 verone,
622 3475 696 3532 quos
726 3455 982 3530 Guelferbytanus
1010 3469 1128 3528 quoque
1156 3450 1247 3509 codex
1274 3448 1409 3524 praebet,

286 3564 423 3623 omnibus
450 3563 583 3623 numeris
610 3560 757 3638 probandi
785 3564 856 3621 sunt
885 3553 936 3639 (cf.
951 3557 1069 3616 Vahlen
1082 3557 1102 3617 l.
1117 3575 1141 3617 c.
1155 3577 1184 3632 p.
1200 3559 1239 3616 21
1257 3547 1328 3635 sq),
1356 3551 1407 3612 sed

228 3663 230 3667 ’
286 3671 377 3731 etiam
404 3670 436 3728 in
461 3670 527 3746 ipso
555 3669 708 3730 Puteaneo
736 3667 871 3748 spatium,
894 3663 1032 3724 relictum
1065 3666 1112 3723 est
1139 3682 1157 3723 a
1183 3663 1280 3739 prima
1306 3679 1407 3736 manu,

285 3776 366 3854 quod
388 3777 486 3837 altera
507 3774 612 3836 deinde
634 3774 696 3862 illis
718 3773 855 3834 versibus
879 3771 1016 3848 explerit.

374 3886 487 3944 Versus
510 3886 612 3944 autem
636 3881 770 3942 eiusdem
793 3879 939 3956 epistulae
964 3880 1069 3955 23,24

432 3991 540 4069 Aptior
562 3991 615 4050 illa
638 3989 758 4068 quidem
781 3985 897 4064 placido
914 3985 988 4044 dare
1011 3985 1136 4044 verbera
1159 3983 1263 4057 ponto:

476 4099 534 4158 Est
555 4101 657 4157 tamen
680 4097 712 4155 et
735 4112 838 4156 sensus
862 4095 933 4171 apta
956 4090 1095 4150 ministra
1116 4087 1189 4163 mei,

285 4207 356 4283 etsi,
383 4206 462 4284 quod
489 4205 600 4265 attinet
628 4203 665 4264 ad
690 4221 754 4262 rem
776 4200 932 4262 metricam
955 4202 986 4258 et
1008 4207 1188 4269 sermonem,
1215 4193 1330 4252 nullam
1352 4192 1406 4252 ha-

285 4315 359 4375 bent
381 4313 573 4374 offensionem
592 4302 642 4393 (cf.
658 4309 774 4368 Vahlen
792 4308 812 4372 l.
826 4327 850 4366 c.
864 4327 893 4382 p.
909 4299 976 4384 36),
999 4303 1065 4361 ideo
1084 4305 1187 4362 utrum
1206 4302 1267 4362 sint
1283 4298 1406 4378 genuini
