3206 4928
291 1269 292 1272 ¹
364 1239 437 1328 dap.
457 1239 482 1309 I.
524 1238 570 1307 Ile
590 1237 813 1338 epistularum
831 1235 1008 1307 heroidum
1028 1235 1210 1306 codicibus,

751 1449 820 1526 il·

314 1594 454 1655 Carmina
485 1595 539 1654 illa
566 1593 678 1670 Ouidii,
710 1611 786 1669 quae
817 1611 895 1650 nunc
926 1592 988 1650 fere
1021 1583 1172 1651 ‘locroicdcs'
1199 1589 1346 1649 nominam‘

225 1702 331 1778 solent,
350 1705 476 1778 aposta
495 1701 559 1776 ipso
579 1698 754 1777 simpliciter
774 1693 934 1774 ‘epistulas'
953 1698 1111 1774 inscriptas
1131 1715 1195 1756 esse
1211 1697 1346 1756 homines

118 1879 120 1885 Ι
225 1801 336 1889 docti¹)
364 1808 482 1884 saepius
510 1827 547 1866 ex
569 1808 644 1867 artis
667 1806 787 1866 amandi
806 1791 873 1865 Ioco
897 1798 971 1886 (111,
996 1806 1059 1864 345
1076 1795 1145 1885 sq),
1174 1804 1227 1862 ubi
1256 1823 1347 1879 opera
1450 1873 1453 1880 Ι

226 1933 280 1972 sua
303 1933 478 1974 enumerans
501 1917 591 1990 poeta
614 1914 650 1973 de
672 1914 725 1972 illo
748 1931 857 1990 genere
879 1911 995 1988 poetico
1019 1911 1103 1970 dicit:

420 2037 478 2104 Vel
499 2039 558 2098 tibi
580 2039 744 2114 composita
766 2038 904 2098 cantetur
927 2038 1050 2110 epistola
1071 2054 1155 2096 voce:

452 2145 594 2222 Ignotum
612 2146 668 2206 hoc
691 2145 757 2204 aliis
780 2145 832 2203 ille
855 2143 979 2203 nouauit
1003 2161 1090 2219 opus,
1135 2182 1146 2186 ·-

225 2269 326 2346 colligi
344 2261 544 2349 uoluerunt.²)
583 2269 743 2328 Sedtameu
762 2269 884 2328 dubium
902 2267 1023 2328 uidetur
1042 2285 1116 2344 esse,
1136 2269 1237 2326 utrum
1257 2270 1348 2344 poeta

139 2451 142 2458 1
225 2377 278 2435 illo
310 2377 374 2435 loco
405 2376 526 2451 plenam
553 2376 718 2434 carminum
745 2376 866 2434 illorum
893 2375 1117 2452 inscriptionem
1145 2377 1280 2452 repetere
1309 2394 1348 2433 an

225 2483 325 2560 potius
350 2481 564 2560 significatione
587 2482 722 2542 breviore
746 2483 791 2540 uti
814 2483 963 2543 maluerit.
1004 2483 1083 2542 Nam
1102 2501 1169 2540 cum
1188 2482 1264 2540 aliae
1284 2482 1350 2542 eius·
1425 2539 1427 2544 .

227 2591 375 2666 epistulae
398 2590 530 2648 nondum
553 2591 697 2664 extarent,
721 2589 808 2648 facile
827 2609 903 2666 quae
923 2590 1170 2667 significarentur,
1192 2589 1346 2665 intellege-

226 2699 301 2755 bant
322 2697 459 2772 lectores,
482 2695 660 2772 praesertim
678 2714 745 2754 cum
763 2695 828 2772 ipso
847 2697 900 2755 illo
920 2697 1045 2756 disticho
1065 2696 1139 2756 satis
1157 2695 1347 2768 indicaretur,

227 2804 376 2880 quodnam
396 2806 476 2887 essct
494 2803 691 2879 epistularum
708 2822 811 2880 genus.
849 2804 949 2880 Atque
967 2804 1024 2864 hoc
1036 2803 1348 2880 potissimum‘nomen

227 2911 409 2992 epistulae
432 2910 552 2970 uidetur
569 2928 731 2986 usurpasse
751 2908 884 2984 Ovidius,
908 2910 986 2986 quod
1004 2910 1059 2970 has
1078 2909 1190 2988 elegias
1210 2907 1348 2985 opposuit

227 3016 414 3076 brevioribus
438 3017 498 3076 illis
523 3035 591 3076 suos
614 3017 708 3092 ipsius
731 3017 952 3076 celebrantibus
975 3037 1105 3094 amores,
1127 3035 1201 3094 quas
1225 3015 1263 3074 ad
1286 3015 1347 3091 epi·
1451 3047 1453 3052 =

229 3122 375 3179 stularum
402 3122 530 3180 formam
557 3141 732 3198 componere
760 3123 864 3182 noluit.
895 3155 932 3164 -
967 3123 1041 3183 Cum
1072 3143 1143 3183 vero
1175 3123 1253 3182 liber
1284 3123 1348 3198 ipse

228 3227 413 3286 sollemniter
436 3231 502 3287 erat
523 3229 742 3306 inscribendus,
768 3229 831 3288 sine
855 3230 945 3288 dubio
969 3231 997 3289 ei
1020 3230 1139 3288 additus
1164 3233 1210 3289 est
1232 3230 1349 3306 titulus,

227 3353 285 3410 quo
314 3335 479 3395 accuratius
508 3335 658 3412 singulare
682 3335 757 3394 illud
780 3339 811 3396 et
833 3356 944 3397 novum
967 3336 1132 3396 carminum
1154 3355 1249 3413 genus
1272 3336 1347 3394 indi·

228 3445 353 3502 caretur.
395 3444 498 3520 Neque
522 3442 600 3502 enim
624 3443 743 3502 omnino
767 3443 964 3520 epistularum
984 3444 1120 3505 uersibus
1139 3446 1349 3520 conceptarum

227 3565 322 3623 genus
348 3546 496 3608 invenisse
524 3568 556 3608 se
584 3548 656 3609 dicit
678 3549 772 3628 Naso,
801 3549 880 3626 quod
906 3569 967 3610 non
994 3553 1074 3610 recte
1097 3543 1267 3632 emissori),
1297 3549 1349 3626 sed

302 3790 327 3856 1)
348 3785 388 3841 cf.
408 3787 442 3840 L.
458 3787 560 3842 Moilleo·
577 3790 607 3844 in
625 3792 696 3846 Mus.
711 3791 800 3846 Rhen.
814 3811 841 3848 n.
858 3810 878 3848 s.
893 3793 986 3848 XVIII
1001 3811 1027 3862 p.
1042 3798 1077 3848 86
1091 3811 1131 3862 sq.

301 3881 328 3946 2)
347 3876 424 3932 Libri
447 3875 522 3932 enim
540 3895 623 3932 manu
642 3880 740 3950 scripti
763 3882 932 3936 recentiores
949 3881 1067 3936 nimium
1085 3884 1221 3950 quantum
1238 3882 1349 3936 variant

229 3967 352 4034 titulum,
372 3984 434 4022 cum
453 3965 608 4036 praebeant
624 3968 676 4022 has
693 3969 902 4040 inscriptiones:
920 3971 992 4025 liber
1010 3971 1171 4038 heroidum‚‘
1182 3970 1201 4027 l.
1217 3970 1349 4040 epistula·

229 4075 303 4124 rum,
326 4056 344 4110 l.
363 4054 510 4111 heroidum
533 4053 591 4108 sive
610 4053 806 4126 epistularum,
830 4059 848 4113 l.
872 4059 1019 4113 heroidum
1042 4057 1233 4127 epistularum.
1271 4060 1348 4114 Anti·

230 4143 342 4214 quiores
352 4143 429 4213 lquid
447 4141 598 4204 habuerint
611 4141 722 4197 codices
741 4146 862 4216 aprima
875 4163 969 4217 manu,
988 4147 1134 4202 nescimus.
1171 4147 1269 4216 Itaque
1283 4147 1348 4208 inde

229 4234 300 4290 nihil
318 4231 449 4288 concludi
467 4231 542 4286 licet.
558 4262 591 4270 -
608 4229 661 4302 [ef.
677 4249 749 4302 quae
767 4234 797 4288 in
815 4236 868 4291 fine
888 4237 1131 4292 commentationis
1150 4235 1248 4290 addita
1263 4238 1348 4309 sunt]

301 4323 328 4391 3)
344 4321 384 4377 cf.
407 4322 520 4390 Teuffel,
538 4320 619 4377 Rom.
635 4320 820 4378 Lit.-Gesch.²
836 4343 864 4394 p.
880 4331 939 4380 507.
955 4333 971 4379 3
991 4328 1020 4379 et
1037 4345 1064 4395 p.
1080 4332 1123 4381 37.

1119 4423 1130 4470 1
