3206 4928
752 409 971 473 ..28-

299 590 336 650 de
365 590 489 652 Medeae
517 590 633 651 artibus
655 590 827 652 narratione
854 590 925 652 Met.
949 590 1018 666 VII,
1044 594 1105 652 192
1130 607 1173 667 sq.
1196 590 1263 651 sint
1284 591 1421 667 conflata,

304 697 354 759 vix
377 697 490 760 dubito.
965 765 966 772 .

392 805 493 884 Atque
516 823 679 882 pronomen
703 797 778 863 ‘illa'
801 807 850 864 tar
867 803 964 865 ieiune
982 805 1014 864 in
1031 823 1174 866 versuum
1192 823 1258 866 sese
1277 805 1420 882 excipien-

299 913 377 974 tium
404 911 491 973 initio
517 912 651 988 positum
677 911 759 972 haud
786 911 846 972 seio
873 931 913 971 an
939 911 1089 974 inscitiam
1118 912 1273 974 sectatoris
1296 912 1421 972 alieuius

303 1019 403 1081 Ovidii
431 1022 463 1080 et
484 1019 687 1079 insulsitatem
709 1019 857 1097 redoleat,
884 1021 1026 1097 quoniam
1048 1021 1123 1088 haee
1145 1019 1266 1080 iteratio
1289 1039 1326 1080 ex
1348 1021 1419 1081 arti-

301 1127 374 1187 ficiis
406 1143 472 1186 esse
505 1125 625 1186 videtur
655 1125 882 1203 conglutinandi
912 1126 1122 1204 cogitationes,
1160 1145 1236 1205 quae
1267 1127 1419 1204 haudqua-

301 1252 391 1310 quam
409 1232 489 1292 inter
512 1251 544 1292 se
567 1233 753 1294 oohaereant.
791 1231 840 1292 An
862 1232 961 1308 ipsum
983 1251 1147 1310 pronomen
1169 1233 1243 1294 adeo
1266 1237 1333 1294 erat
1354 1253 1420 1311 pre-

298 1331 493 1420 mendum¹)?
516 1339 652 1417 Apparet
665 1339 758 1417 igitur
776 1338 894 1400 additos
911 1359 978 1401 osse
996 1359 1102 1400 versus
1120 1359 1171 1400 eos
1190 1359 1209 1400 a
1225 1341 1420 1418 grammatico

302 1447 417 1526 aliquo,
440 1446 492 1525 qui
514 1447 602 1523 plura
624 1446 661 1506 de
684 1446 807 1507 Medeae
830 1446 946 1507 artibus
970 1447 1167 1508 desiderabat.

389 1588 534 1650 Similiter
557 1590 637 1651 auoti
660 1593 731 1651 sunt
748 1591 776 1650 X
795 1591 942 1670 epistulae
964 1611 993 1652 v.
1017 1592 1058 1651 83
1083 1610 1124 1667 sq.
1162 1590 1238 1649 Sunt
1260 1589 1293 1650 hi
1315 1610 1419 1651 versus

298 1696 382 1756 vario
406 1695 494 1756 modo
517 1699 649 1773 tractati,
673 1717 748 1776 quos
769 1699 807 1760 ab
825 1697 1041 1776 interpolatore
1060 1698 1239 1774 depravatos
1258 1715 1323 1757 esse
1342 1717 1418 1758 oom-

299 1802 401 1879 plures
425 1808 605 1865 censuerunt
626 1804 762 1864 homines
786 1804 873 1864 dooti.
917 1804 999 1876 Quae
1021 1803 1052 1863 in
1076 1803 1135 1864 illis
1159 1803 1317 1880 exponitur
1342 1804 1417 1882 eogi-

296 1909 386 1987 tatio,
413 1910 486 1971 haee
509 1913 567 1970 est:
595 1910 727 1971 Ariadne
750 1911 870 1972 deserta
892 1915 980 1982 vasta
1002 1911 1033 1970 in
1055 1910 1154 1971 insula
1177 1901 1248 1992 (60)
1273 1911 1419 1971 sexcentis

299 2013 654 2095 cirumdatu1·peiieulis.
700 2019 784 2078 ‘Palis
807 2021 922 2094 autem,
940 2022 984 2086 ut
1006 2036 1084 2080 nune
1106 2035 1211 2078 versus
1239 2035 1271 2078 se
1299 2017 1418 2094 habent,

297 2123 351 2183 illa
382 2127 430 2184 est
461 2111 633 2202 explicatio,
666 2129 701 2185 ut
730 2126 768 2186 ab
796 2124 904 2185 Ovidio
932 2143 992 2184 non
1019 2124 1157 2185 videatur
1185 2143 1249 2184 esse
1277 2126 1418 2201 profecta

299 2230 408 2309 [ncipit
431 2233 469 2291 ab
492 2231 553 2291 illis
576 2232 725 2308 perieulis,
749 2251 825 2311 quae
845 2231 902 2292 sibi
921 2231 1029 2291 aseris
1048 2231 1223 2290 immineant
1243 2223 1418 2314 (83—86);

296 2337 380 2396 addit
402 2337 494 2398 maris
516 2341 652 2398 monstra
675 2331 748 2420 (87)
772 2342 803 2399 et
826 2357 902 2415 quae
925 2339 963 2397 ab
982 2336 1152 2397 hominibus
1175 2337 1282 2397 timere
1309 2338 1418 2398 debeat

297 2435 382 2526 (88)3
412 2448 479 2505 orat
505 2443 647 2522 denique,
674 2463 711 2504 ne
739 2443 770 2502 in
798 2445 975 2504 servitutem
1001 2443 1167 2504 abducatur
1194 2447 1257 2504 tam
1284 2445 1416 2505 nobilio

294 2569 405 2629 genere
428 2554 496 2611 orta
519 2545 609 2630 (89-
624 2543 690 2633 92).
737 2549 815 2608 Tum
838 2569 918 2625 vero,
941 2539 1218 2627 quae'smgillarim
1244 2555 1418 2612 enumerata

295 2662 382 2718 erant
410 2649 585 2738 (83-87)‚
618 2676 654 2715 ea
686 2658 925 2735 complectuntur
954 2675 1058 2717 versus
1087 2659 1143 2733 93,
1171 2659 1228 2735 94,
1257 2661 1297 2718 96
1327 2662 1358 2718 et
1386 2659 1416 2717 in

296 2765 401 2825 mediis
424 2765 471 2823 his
494 2764 667 2841 adiungitur
691 2766 747 2825 95:

455 2869 579 2930 Caelum
601 2871 744 2931 restabat.
793 2870 884 2930 timeo
908 2869 1067 2930 simulacra
1090 2871 1221 2932 deorum.

265 2997 268 3004 ·
295 2976 431 3055 Denique
452 2995 522 3036 oum
543 2993 571 3037 v.
596 2979 652 3038 88:

456 3082 534 3154 Quid
557 3086 641 3144 vetat
664 3087 696 3144 et
716 3083 834 3162 gladios
856 3102 911 3160 per
934 3084 1015 3143 latus
1038 3083 1082 3142 ire
1109 3085 1213 3144 meos?

295 3191 355 3250 iam
373 3191 527 3250 hominum
550 3191 732 3252 mentionem
754 3191 873 3265 feeerit,
897 3209 934 3249 ne
957 3191 1127 3250 hominibus
1150 3191 1280 3269 quidem,
1303 3193 1328 3252 si
1351 3191 1415 3268 qui·

295 3297 362 3357 dem
384 3298 417 3357 in
438 3298 537 3358 insula
561 3298 633 3374 sint,
657 3317 688 3357 se
711 3297 801 3357 fidem
824 3297 996 3357 habituram
1019 3317 1084 3358 esse
1107 3302 1269 3360 asseverat.

383 3404 489 3464 Talem
507 3393 723 3465 sententiarum
741 3403 945 3464 confusionem
962 3422 1022 3463 non
1040 3423 1105 3464 esse
1125 3403 1195 3463 boni
1213 3408 1320 3480 poetae
1340 3405 1414 3465 satis

295 3513 429 3587 apparet.

383 3616 518 3676 Primum
547 3615 572 3675 si
598 3617 746 3694 genuinus
774 3621 853 3678 esset
881 3635 986 3677 versus
1019 3619 1075 3694 88,
1107 3617 1192 3694 sequi
1223 3636 1282 3678 non
1313 3622 1416 3694 posset

296 3741 400 3783 versus
425 3725 476 3801 97,
499 3727 657 3809 non'oerte
676 3725 729 3784 illa
748 3743 904 3801 expressus
922 3725 1027 3784 forma.
1065 3723 1149 3786 Hanc
1167 3727 1268 3785 autem
1286 3726 1415 3786 formam

295 3822 370 3912 (9⁷)
398 3849 490 3890 unam
518 3832 656 3908 usurpari
683 3831 816 3908 potuisse
845 3831 952 3891 dooent
975 3851 1079 3892 versus
1104 3835 1147 3893 60
1170 3852 1225 3908 sq.,
1252 3832 1361 3908 quippe
1383 3832 1415 3890 in

295 3935 402 4013 quibus
431 3956 463 3997 se
492 3939 619 4016 nescire,
645 3957 718 3997 num
745 3937 917 3997 habitarent
943 3937 975 3997 in
1002 3938 1100 3997 insula
1122 3937 1269 4012 homines,
1297 3937 1413 3996 dixerit.

371 4162 396 4230 1)
415 4160 480 4216 Non
503 4159 634 4217 Ovidium
657 4159 713 4216 nisi
735 4161 810 4216 iusta
833 4161 869 4216 de
892 4177 976 4217 eausa
997 4162 1052 4217 hae
1075 4161 1234 4230 anaphoras
1258 4159 1348 4232 figora
1372 4159 1415 4214 uti

300 4250 385 4305 docet
402 4248 442 4304 H.
459 4249 586 4306 Satelles:
604 4249 764 4316 Quaestion.
785 4249 914 4306 Ovidian.
933 4268 960 4324 p.
979 4249 1000 4304 1.
1027 4248 1125 4320 Progr.
1143 4266 1288 4324 progymn.
1326 4249 1414 4322 Span-

297 4338 352 4395 dau
373 4344 440 4393 1861
460 4356 486 4410 p.
508 4345 540 4402 11
561 4356 601 4410 sq.
