3206 4928
673 395 890 460 ..53-

222 580 334 642 tentiae
362 599 440 640 nuno
469 579 630 640 acerrimus
658 581 865 656 propugnator
892 571 1042 660 Riesiusl)
1077 579 1185 640 extitit.
1235 581 1362 657 Itaque.

221 689 412 763 factumest,
436 690 471 747 ut
493 678 613 766 poncii)
638 705 688 746 eos
712 685 874 748 defendant
896 706 968 763 prae
996 705 1100 746 eorum
1126 705 1264 762 numere,
1292 689 1342 763 qui

221 813 271 854 eos
296 796 447 871 spernant.
484 793 579 852 Nemo
603 794 713 869 autem,
737 793 903 869 siquidem
927 794 1002 852 nihil
1025 795 1114 853 affert
1136 793 1340 870 praeiudicati,

220 919 325 962 versus
348 901 417 960 illos
441 899 559 959 omnino
583 898 781 976 repudiandos
805 917 870 960 esse
894 900 1025 960 animum
1044 900 1172 961 induret.

309 1008 410 1084 Atque
437 1006 597 1084 aggredior
623 1007 661 1066 ad
684 1027 711 1066 v.
735 1007 799 1082 XX,
826 1009 985 1068 12-248.
1033 1007 1121 1068 Subit
1149 1007 1253 1066 mirari
1280 1025 1341 1083 eur,

219 1135 288 1176 eum
301 1114 463 1191 Diltheyus
477 1113 510 1172 in
528 1113 605 1172 libro
626 1112 662 1173 de
678 1112 855 1172 Callimachi
870 1112 1006 1190 Cydippa
1025 1114 1144 1188 subtilis
1164 1114 1341 1174 eruditionis

223 1222 395 1299 plenissimo
419 1223 557 1300 egregius
581 1221 715 1295 extiterit
738 1239 878 1282 versuum
901 1221 1024 1280 illorum
1046 1221 1197 1298 defensor,
1223 1221 1341 1286 Riesius

220 1349 258 1388 ne
282 1329 319 1388 ad
342 1347 408 1389 eam
431 1329 552 1405 quidem
574 1328 697 1390 redierit
719 1347 796 1404 rem,
825 1331 860 1388 ut
881 1327 963 1386 illius
986 1329 1167 1388 sententiam
1190 1329 1340 1390 infirmare

221 1435 363 1496 studeret.
409 1437 452 1496 At
479 1455 547 1496 oum
570 1435 730 1512 Diltheyus
759 1434 925 1495 rationibus
954 1434 1132 1494 sententiam
1162 1453 1247 1495 suam
1274 1455 1340 1495 oon·

219 1543 377 1619 firmasset,
392 1562 427 1603 ea
437 1543 528 1620 digna
541 1544 674 1619 proferto
689 1546 763 1617 erat,
778 1560 854 1618 quae
869 1542 1054 1618 argumentis
1068 1542 1266 1618 refelleretur,
1281 1561 1340 1604 non
1362 1571 1363 1576 ¹

221 1651 345 1710 silentio·
364 1650 568 1726 obtegeretur,
590 1652 625 1708 ut
647 1667 741 1724 paene
764 1634 931 1724 putandum
954 1648 994 1708 sit
1016 1647 1149 1708 Riesium
1172 1667 1209 1708 ne
1233 1668 1339 1727 eogno-

220 1757 298 1816 visse
317 1757 436 1833 quidem
455 1755 537 1816 illius
557 1756 797 1832 disputationem.
830 1755 892 1848 Nee
910 1755 1009 1816 minus
1032 1755 1142 1814 mirum
1165 1757 1197 1815 in
1219 1757 1340 1817 modurn

221 1883 284 1922 rem
312 1863 406 1942 gessit
434 1862 654 1940 Sedlmayerus.
704 1861 763 1934 Qui
789 1881 858 1924 oum
888 1881 949 1922 non
980 1863 1076 1922 solum
1109 1865 1228 1926 noverit
1258 1864 1340 1926 illius
1456 1917 1457 1924 ,

221 1972 409 2046 sententiam,
433 1969 578 2046 sedeam,
601 1969 671 2046 quia
689 1969 893 2048 persuaserint
916 1968 974 2030 sibi
995 1972 1181 2046 argumenta,
1205 1971 1341 2046 probarit

221 2081 252 2138 et
279 2077 412 2138 laudarit
439 2070 485 2158 (in
512 2077 587 2152 prol.
615 2077 680 2136 erit.
708 2078 727 2136 l.
756 2070 809 2156 a),
841 2067 1035 2156 improvis03)
1070 2077 1220 2136 sententia
1251 2079 1339 2154 plane

218 2187 337 2244 mutata
353 2183 447 2242 Riesii
470 2183 561 2244 cessit
584 2183 766 2259 auctoritati,
789 2183 841 2259 qui
859 2183 975 2244 interea
992 2187 1217 2244 asseveraverat
1235 2203 1339 2245 versus

219 2292 288 2351 illos
312 2289 464 2350 habendos
487 2309 552 2350 esse
575 2310 629 2367 pro
654 2310 676 2350 s.
694 2291 750 2350 XV
774 2273 1012 2367 interpolatione.
1058 2290 1162 2366 Neque
1186 2309 1257 2350 vero
1275 2291 1338 2351 Dil-

219 2396 304 2474 theyi
331 2401 508 2474 argumenta
535 2397 645 2456 nedum
674 2416 750 2473 quae
777 2398 841 2474 ipse
874 2401 1052 2474 exposuerat
1084 2400 1241 2458 attenuare
1274 2418 1337 2458 sus·

176 2559 177 2562 ,
219 2505 304 2582 cipit,
326 2525 364 2566 ne
388 2505 459 2565 dieii
481 2505 615 2581 quidem,
643 2525 696 2566 our
718 2506 771 2565 illa
794 2505 893 2566 subito
916 2508 951 2564 ut
974 2505 1084 2564 debilia
1107 2507 1199 2582 atque
1221 2505 1339 2566 infirma

214 2612 377 2699 relinquat,
397 2612 500 2674 eadem
519 2611 657 2673 videlieet
676 2616 862 2689 argumente,
885 2629 961 2688 quae
980 2612 1152 2672 breviante
1171 2615 1206 2672 ut
1225 2613 1340 2674 sincera

218 2722 249 2779 et
271 2719 376 2796 gravia
398 2719 486 2796 plane
510 2737 564 2777 suo
587 2736 710 2779 assensu
732 2718 923 2794 probaverat.
960 2717 1091 2778 Tantum
1113 2722 1235 2794 repente
1259 2720 1346 2797 apud¹

218 2844 287 2886 eum
305 2826 358 2886 illa
372 2827 453 2887 valet
472 2843 528 2901 res,
547 2825 626 2901 quod
642 2844 746 2887 versus
764 2825 809 2886 illi
827 2825 960 2884 codicum
979 2825 1159 2886 auctoritate
1178 2845 1278 2888 oarere
1297 2828 1351 2888 vi-'

219 2932 354 3007 deantur,
377 2932 457 3008 quod
474 2931 548 2991 folia
569 2951 687 3010 quoque
705 2932 901 2993 [laurentiani
924 2925 1074 3012 (XXXVI,
1089 2926 1154 3014 27),
1177 2933 1209 2992 in
1232 2934 1338 3010 quibus

220 3041 323 3098 extant
354 3057 471 3113 versus,
504 3038 606 3098 addita
634 3038 700 3099 siut·
722 3058 745 3100 s.
772 3039 854 3102 XVI.
905 3039 947 3099 At
974 3042 1009 3099 ut
1035 3040 1119 3099 nulla
1146 3040 1252 3100 traditi
1279 3041 1339 3101 sint
1426 3091 1428 3096 s

219 3145 387 3222 antiquiore
411 3145 600 3221 auctoritate,
623 3165 695 3206 num
718 3165 754 3206 ea
777 3165 810 3206 re
834 3147 922 3206 simul
946 3146 1058 3205 relicua
1080 3145 1188 3208 indicia
1211 3148 1337 3224 interna,

219 3253 257 3312 ob
280 3271 356 3329 quae
379 3251 501 3329 genuini
524 3270 589 3312 esse
613 3252 803 3330 videbantur,
827 3253 914 3313 irrita
936 3254 1017 3313 faeta
1040 3253 1147 3314 erant?

313 3357 473 3420 Sedtamen
490 3377 556 3418 eum
576 3360 744 3419 aoeuratius
763 3360 799 3419 de
819 3360 955 3420 versibus
977 3359 1038 3418 illis
1053 3360 1242 3435 quaesiturus
1262 3381 1336 3437 sum,

220 3466 361 3542 quoniam
384 3466 483 3526 omnia
506 3469 537 3526 et
560 3485 595 3526 ea
617 3466 797 3544 gravissima
819 3466 879 3526 iam
901 3468 940 3526 ab
963 3467 1030 3528 aliis
1049 3467 1141 3526 allata
1160 3467 1335 3545 sunt'argu-

292 3710 317 3778 1)
338 3709 371 3764 ei.
391 3708 519 3764 Bursiani
538 3711 630 3765 annal.
650 3711 671 3764 t.
690 3708 724 3779 X,
744 3711 835 3778 (1878)
853 3727 880 3778 p.
900 3715 935 3764 20
954 3726 1004 3778 sq,
1024 3708 1079 3764 Lit.
1099 3707 1335 3766 Centralbl.18'l9

217 3817 245 3870 Ρ,
265 3804 325 3956 7⁷23
334 3889 451 3944 Praeter
474 3886 647 3956 antiquiores
670 3889 792 3958 Lennep.
813 3887 906 3943 Loers.
930 3885 960 3940 in
983 3886 1059 3956 edit,
1078 3885 1196 3944 Werfer.
1215 3887 1244 3942 in
1265 3888 1336 3944 actis

218 3978 316 4047 philol.
340 3977 450 4034 Monac.
474 3976 496 4045 I,
519 3982 580 4043 509,
603 3975 635 4030 hi
658 3978 734 4032 sunt:
758 3975 907 4046 Diltheyus
930 3975 965 4032 de
984 3976 1053 4032 Call.
1073 3975 1139 4046 cyd.
1158 3996 1186 4046 p.
1205 3982 1284 4031 4211.
1307 3983 1335 4043 13

220 4065 284 4122 Lue.
304 4066 406 4120 Miiller
425 4065 459 4120 de
478 4082 508 4119 re
532 4065 650 4121 metriae
672 4084 699 4136 p.
719 4066 750 4120 L.
769 4085 797 4136 p.
816 4071 850 4120 43
870 4083 925 4134 sq.;
951 4064 1001 4120 Th.
1021 4064 1082 4120 Birt
1103 4065 1133 4119 in
1156 4065 1225 4121 Mus.
1245 4067 1334 4120 Rhen.
1440 4110 1445 4118 .

217 4174 244 4210 a.
264 4173 284 4210 s.
304 4154 416 4222 XXXII,
437 4159 501 4222 3893
521 4153 561 4209 St.
584 4155 747 4224 Sedlmayer
765 4154 794 4209 in
813 4155 882 4224 prol.
903 4154 963 4210 orit.
979 4153 1015 4210 ad
1028 4153 1135 4211 heroid.
1151 4154 1231 4210 Ovid.
1245 4173 1273 4224 p.
1287 4161 1335 4220 333

217 4245 243 4300 J.
253 4245 371 4312 Vahlen,
381 4244 451 4298 iiber
460 4243 505 4298 die
515 4244 645 4313 Anfange
655 4243 705 4298 der
713 4243 856 4298 Heroiden
866 4241 891 4298 d.
904 4242 983 4298 Ovio.
994 4241 1066 4299 Berl.
1079 4242 1242 4298 Aead.1881
1255 4262 1280 4316 p.
1291 4249 1333 4300 35.

290 4334 316 4403 2)
335 4332 367 4388 ln
385 4332 585 4390 commentario
605 4331 703 4392 critico
722 4331 865 4403 superiore
884 4349 957 4396 anno
977 4330 1062 4390 edito.
