3206 4928
651 395 869 458 ..41-.

198 580 323 641 eandem
352 578 551 638 adhibendam
579 596 644 639 csse
672 595 822 654 normam,
854 595 913 654 qua
940 577 987 637 usi
1015 585 1117 638 sumus
1145 578 1177 638 in
1203 579 1322 640 16110110

199 688 348 764 epistulis,
379 688 612 746 consentaneum
643 687 698 746 601.
740 683 864 744 Accedit
890 684 921 743 in
948 685 995 744 his
1021 704 1132 746 novum
1160 686 1321 772 interpola·

197 795 314 854 tionum
340 792 496 872 indicium,
528 791 607 870 quod
634 811 702 852 cum
730 790 829 850 rarius
858 791 1010 868 hucusque
1038 793 1223 870 apparuerit,
1250 813 1321 853 non·

198 902 270 960 dum
292 919 428 977 premere
448 899 539 976 volui,
562 898 641 976 quod
659 897 760 958 ficticii
778 917 883 958 versus
901 899 1077 976 plerumque
1096 899 1140 959 ita
1158 901 1323 976 comparati

200 1013 282 1086 sunt,
309 1010 344 1067 ut
371 1007 409 1066 ab
437 1005 538 1082 aliquo
561 1006 654 1066 verbo
677 1005 834 1083 incipiant,
861 1005 941 1082 quod
963 1005 1042 1065 idem
1065 1010 1112 1066 est
1135 1005 1165 1065 in
1187 1007 1322 1083 proximo

198 1135 287 1176 versu
311 1115 448 1192 genuino.
457 1106 482 1195 1)

289 1222 389 1297 Atque
408 1220 559 1280 ordiamur
577 1219 615 1278 ab
634 1218 754 1279 Acontii
772 1221 804 1279 et
823 1217 977 1295 Cydippae
996 1219 1141 1298 6111011110,
1164 1221 1322 1298 inquibus

202 1347 279 1405 quae
301 1327 483 1404 interpolata
506 1345 571 1386 0006
595 1326 760 1403 videantur,
783 1327 816 1384 in
835 1327 970 1404 Diltheyi
993 1326 1070 1387 libro
1094 1329 1129 1388 de
1149 1327 1323 1390 Callimachi

202 1435 337 1512 Cydippe
360 1425 404 1514 (p.
422 1437 483 1496 137
500 1426 558 1514 sq.)
581 1433 871 1494 circumscribuntur.

288 1541 452 1602 Damnavit
478 1541 531 1600 illc
554 1560 581 1600 v.
598 1543 649 1618 23,
664 1542 715 1600 24.
757 1539 859 1598 Primo
888 1540 992 1600 statim
1016 1541 1123 1601 obtutu
1146 1546 1271 1618 apparet
1293 1543 1326 1603 in

201 1669 228 1709 v.
244 1651 295 1724 21,
311 1651 350 1708 22
376 1651 407 1708 ct
431 1650 482 1725 23,
498 1643 539 1707 24
564 1646 688 1706 eandem
710 1646 890 1707 sententiam
909 1647 1076 1724 etquidem
1095 1647 1156 1708 illis
1175 1650 1325 1726 elegantia

201 1755 329 1831 quadam
343 1758 375 1814 et
388 1755 596 1832 concinnitate,
612 1754 659 1814 his
673 1754 860 1830 ineleganter
875 1757 906 1814 61
919 1752 1047 1813 absurde
1062 1755 1196 1830 exprimi.
1223 1757 1324 1818 Naxus

203 1862 280 1921 enim
305 1863 519 1923 sententiarum
543 1862 591 1920 hic
613 1864 673 1922 est:
697 1860 782 1920 Licet
804 1861 909 1921 fraude
931 1865 961 1921 le
980 1861 1059 1920 dicas
1079 1881 1143 1921 esse
1162 1863 1325 1942 deceptam,

203 1969 361 2029 dummodo
384 1970 471 2028 huius
495 1989 615 2029 oausam
639 1987 704 2028 esse
728 1987 860 2028 amorem
882 1987 983 2027 meum
1006 1968 1148 2042 concedas
1171 1960 1238 2049 (21,
1254 1965 1326 2049 22),

168 2090 170 2094 ’
200 2095 271 2135 nam
296 2096 356 2136 non
384 2095 450 2135 sum
477 2078 586 2135 natura
612 2078 676 2135 tam
702 2074 827 2134 callidus
851 2066 907 2154 (25
924 2067 991 2151 00].)
1033 2075 1162 2134 Turbari
1186 2076 1259 2137 haec
1282 2079 1325 2137 di·

202 2183 297 2242 sticho
322 2186 373 2258 23,
390 2185 432 2242 24
455 2185 553 2258 patet;
576 2181 656 2258 quod
679 2182 798 2258 quidem
821 2181 967 2241 insertum
991 2200 1056 2241 esse
1079 2181 1199 2243 videtur
1222 2186 1326 2262 abeo,

205 2290 257 2366 qui
280 2309 325 2366 ep.
340 2289 380 2361 II,
400 2291 450 2366 27,
467 2291 507 2348 28
527 2289 698 2349 imitaturus
718 2292 791 2348 erat.
838 2287 971 2363 Cumque
990 2305 1044 2347 1160
1062 2290 1155 2364 probe
1173 2292 1268 2351 latina
1287 2293 1327 2352 sit

202 2416 230 2457 v.
247 2398 287 2456 24
307 2396 396 2457 dictio
415 2415 470 2456 nec
482 2396 724 2456 coniecturarum
746 2395 891 2482 machinis
914 2395 990 2454 effici
1014 2397 1119 2472 possit,
1142 2401 1177 2456 ut
1195 2399 1325 2461 relicuae

203 2503 350 2578 epistulae
374 2506 496 2563 auctore
519 2503 609 2579 digna
631 2503 698 2578 fiat,
725 2503 780 2562 has
808 2521 913 2563 causas
941 2503 1078 2563 sufficere
1100 2507 1174 2580 puto
1198 2504 1236 2563 ad
1258 2524 1325 2565 con·

202 2609 386 2668 damnandos
409 2628 522 2670 versus.
827 2608 829 2611 ’

292 2716 356 2776 Nec
382 2717 497 2775 minore
524 2717 588 2774 iure
616 2716 899 2777 circumscribuntur
923 2737 949 2778 v.
965 2719 1021 2793 43,
1037 2719 1093 2792 44,
1119 2717 1229 2794 quippe
1252 2737 1326 2793 quos

205 2827 267 2883 tam
291 2823 452 2882 abhorrere
475 2842 493 2882 a
515 2823 573 2882 leci
596 2823 719 2883 consilio
743 2843 832 2900 quam
854 2823 968 2884 insulse
992 2823 1050 2883 dici
1068 2823 1258 2900 perspicuum
1277 2824 1326 2885 011.

202 2929 281 2989 Nam
303 2933 419 2990 utnon
442 2929 487 2989 ita
509 2949 647 3007 urgeam,
675 2949 765 3006 quam
790 2928 887 2988 ieiune
911 2948 998 2989 voces
1022 2923 1110 3005 ‘capi'
1135 2934 1166 2989 et
1189 2924 1326 3005 ‘captari'

203 3038 415 3095 coacerventur
433 3038 524 3111 atque
542 3039 679 3096 vertatur
699 3039 824 3112 uterque
842 3053 946 3095 versus
966 3035 997 3092 in
1015 3035 1119 3094 eadem
1137 3037 1327 3114 cogitatione,

203 3141 283 3201 tardi
310 3145 390 3201 certe
419 3144 450 3201 et
478 3142 583 3203 inculti
606 3142 718 3219 ingenii
740 3141 799 3201 fuit
822 3141 1034 3218 interpolator,
1063 3141 1196 3218 quinon
1218 3143 1328 3203 viderit

204 3269 235 3308 06
262 3250 294 3307 in
320 3267 380 3307 uno
408 3248 571 3324 eodemque
598 3249 726 3308 disticho
754 3249 820 3324 ipsa
849 3248 999 3308 contraria
1026 3250 1213 3326 coniungere.
1265 3249 1327 3308 Nec

203 3356 363 3415 cohaerent
385 3355 478 3413 verba
500 3354 555 3414 hoc
579 3358 698 3414 servato
722 3353 861 3430 disticho,
888 3373 958 3413 nam
985 3348 1126 3429 ‘partem'
1150 3358 1181 3414 et
1204 3349 1326 3414 ‘omnia'

204 3456 276 3543 (45)
299 3461 498 3522 adnectuntur
520 3461 559 3521 ad
582 3455 657 3533 ε1111’,
680 3461 759 3537 quod
782 3461 814 3520 in
835 3479 863 3522 1.
878 3463 919 3521 42
945 3464 999 3520 601.

293 3568 336 3628 At
363 3567 464 3628 extitit
490 3567 578 3627 huius
605 3567 726 3629 distichi
749 3568 888 3628 defensor
917 3568 1129 3646 Sedlmayerus
1154 3561 1242 3649 (prol.
1262 3570 1328 3630 crit.

203 3696 231 3751 p.
249 3678 288 3735 78
312 3694 341 3736 n.
357 3668 428 3754 59),
456 3674 507 3751 qui
533 3675 644 3734 retinet
671 3695 777 3736 versus
800 3675 934 3751 putidos,
958 3694 1025 3754 cum
1049 3695 1153 3735 eorum
1176 3678 1329 3736 structura

204 3781 310 3842 similis
334 3781 472 3842 videatur
495 3781 521 3839 61
545 3800 621 3856 quae
645 3785 691 3840 601
718 3782 750 3840 in
773 3801 831 3842 am.
850 3781 918 3856 Ι,4,
935 3783 985 3841 13.
1027 3780 1104 3850 Quid
1123 3783 1215 3841 vero?
1238 3803 1326 3860 quae-

204 3908 319 3967 cunque
347 3887 500 3948 ovidianis
529 3886 684 3963 quibusvis
711 3887 811 3948 verbis
840 3887 949 3947 similia
977 3891 1059 3964 sunt,
1090 3908 1164 3947 num
1191 3908 1226 3948 ea
1254 3889 1326 3949 assi-

277 4060 303 4126 1)
323 4058 387 4112 Fuit
405 4057 477 4113 illud
495 4056 525 4112 in
542 4075 568 4112 v.
587 4057 609 4126 1,
623 4063 675 4122 37ς
694 4058 728 4124 V,
744 4063 786 4112 45.
823 4059 916 4127 Atque
941 4057 1051 4128 saepius
1069 4058 1145 4113 idem
1164 4053 1328 4113 obteniatur

204 4147 233 4201 in
248 4145 491 4215 interpolamentis
505 4146 584 4202 velut
597 4146 693 4201 Horat.
708 4162 793 4203 carm.
808 4147 830 4216 Ι,
844 4153 869 4214 2,
880 4153 909 4214 ὃς
924 4163 967 4216 ep.
983 4140 1055 4217 XVI,
1070 4151 1103 4201 65
1118 4147 1164 4216 (cf.
1175 4148 1218 4201 ed.
1234 4147 1326 4203 Helm.
1373 4175 1376 4190 ·

204 4235 392 4306 Peerlkamp),
412 4238 470 4291 luv.
487 4235 620 4304 3011111,
635 4241 668 4290 15
684 4235 719 4291 cf.
735 4235 871 4305 Ribbeck,
892 4235 954 4290 ‘der
972 4236 1052 4290 echte
1070 4235 1127 4290 und
1146 4235 1196 4290 der
1209 4235 1328 4293 unechte

204 4324 331 4380 Iuvenal'
351 4344 378 4395 p.
395 4331 454 4381 128.
