<?xml version="1.0" encoding="UTF-8"?>
<!DOCTYPE html PUBLIC "-//W3C//DTD XHTML 1.0 Transitional//EN"
    "http://www.w3.org/TR/xhtml1/DTD/xhtml1-transitional.dtd">
<html xmlns="http://www.w3.org/1999/xhtml" xml:lang="en" lang="en">
 <head>
  <title>
</title>
<meta http-equiv="Content-Type" content="text/html;charset=utf-8" />
  <meta name='ocr-system' content='tesseract 3.04.00' />
  <meta name='ocr-capabilities' content='ocr_page ocr_carea ocr_par ocr_line ocrx_word'/>
</head>
<body>
  <div class='ocr_page' id='page_1' title='image "./observationesad00petegoog_0083.png"; bbox 0 0 3206 4928; ppageno 0'>
   <div class='ocr_carea' id='block_1_1' title="bbox 708 379 923 442">
    <p class='ocr_par' dir='ltr' id='par_1_1' title="bbox 708 379 923 442">
     <span class='ocr_line' id='line_1_1' title="bbox 708 379 923 442; baseline 0 -18"><span class='ocrx_word' id='word_1_1' title='bbox 708 379 923 442; x_wconf 37' lang='grc' dir='ltr'><strong>..74ἢ</strong></span> 
     </span>
    </p>
   </div>
   <div class='ocr_carea' id='block_1_2' title="bbox 170 559 1470 1498">
    <p class='ocr_par' dir='ltr' id='par_1_2' title="bbox 170 559 1470 1498">
     <span class='ocr_line' id='line_1_2' title="bbox 257 559 1377 639; baseline 0 -19"><span class='ocrx_word' id='word_1_2' title='bbox 257 561 337 636; x_wconf 84' lang='lat' dir='ltr'>libri,</span> <span class='ocrx_word' id='word_1_3' title='bbox 356 561 407 639; x_wconf 87' lang='lat' dir='ltr'>qui</span> <span class='ocrx_word' id='word_1_4' title='bbox 425 561 527 638; x_wconf 84' lang='lat' dir='ltr'>partes</span> <span class='ocrx_word' id='word_1_5' title='bbox 546 561 614 620; x_wconf 87' lang='lat' dir='ltr'>illas</span> <span class='ocrx_word' id='word_1_6' title='bbox 634 559 832 637; x_wconf 78' lang='lat' dir='ltr'><strong>epistularum</strong></span> <span class='ocrx_word' id='word_1_7' title='bbox 850 561 917 622; x_wconf 87' lang='lat' dir='ltr'>aliis</span> <span class='ocrx_word' id='word_1_8' title='bbox 935 561 1008 622; x_wconf 83' lang='lat' dir='ltr'>locis</span> <span class='ocrx_word' id='word_1_9' title='bbox 1023 561 1148 623; x_wconf 86' lang='lat' dir='ltr'>omissas</span> <span class='ocrx_word' id='word_1_10' title='bbox 1163 560 1306 620; x_wconf 85' lang='lat' dir='ltr'>oblivioni</span> <span class='ocrx_word' id='word_1_11' title='bbox 1321 561 1377 620; x_wconf 91' lang='lat' dir='ltr'>eri·</span> 
     </span>
     <span class='ocr_line' id='line_1_3' title="bbox 257 666 1409 745; baseline 0.001 -18"><span class='ocrx_word' id='word_1_12' title='bbox 257 670 397 744; x_wconf 88' lang='lat' dir='ltr'>puerunt,</span> <span class='ocrx_word' id='word_1_13' title='bbox 416 686 517 728; x_wconf 88' lang='lat' dir='ltr'>omnes</span> <span class='ocrx_word' id='word_1_14' title='bbox 537 666 637 728; x_wconf 90' lang='lat' dir='ltr'>omnia</span> <span class='ocrx_word' id='word_1_15' title='bbox 656 671 814 745; x_wconf 86' lang='lat' dir='ltr'>poetarum</span> <span class='ocrx_word' id='word_1_16' title='bbox 828 667 1041 729; x_wconf 85' lang='lat' dir='ltr'>Ovidiauorum</span> <span class='ocrx_word' id='word_1_17' title='bbox 1059 668 1187 728; x_wconf 85' lang='lat' dir='ltr'>disticha</span> <span class='ocrx_word' id='word_1_18' title='bbox 1205 687 1265 728; x_wconf 89' lang='lat' dir='ltr'>una</span> <span class='ocrx_word' id='word_1_19' title='bbox 1279 685 1378 728; x_wconf 83' lang='lat' dir='ltr'>serva·</span> <span class='ocrx_word' id='word_1_20' title='bbox 1406 737 1409 743; x_wconf 49' lang='grc'>,</span> 
     </span>
     <span class='ocr_line' id='line_1_4' title="bbox 235 774 1379 862; baseline 0 -28"><span class='ocrx_word' id='word_1_21' title='bbox 235 777 378 862; x_wconf 62' lang='lat' dir='ltr'>serunt:</span> <span class='ocrx_word' id='word_1_22' title='bbox 403 795 495 834; x_wconf 90' lang='lat' dir='ltr'>unum</span> <span class='ocrx_word' id='word_1_23' title='bbox 513 774 588 834; x_wconf 88' lang='lat' dir='ltr'>illud</span> <span class='ocrx_word' id='word_1_24' title='bbox 612 775 772 852; x_wconf 86' lang='lat' dir='ltr'>exemplar,</span> <span class='ocrx_word' id='word_1_25' title='bbox 795 775 827 834; x_wconf 87' lang='lat' dir='ltr'>in</span> <span class='ocrx_word' id='word_1_26' title='bbox 845 795 903 852; x_wconf 91' lang='lat' dir='ltr'>qno</span> <span class='ocrx_word' id='word_1_27' title='bbox 927 775 1098 837; x_wconf 76' lang='lat' dir='ltr'>Parmensis</span> <span class='ocrx_word' id='word_1_28' title='bbox 1117 775 1213 836; x_wconf 85' lang='lat' dir='ltr'>editor</span> <span class='ocrx_word' id='word_1_29' title='bbox 1232 775 1379 852; x_wconf 78' lang='lat' dir='ltr'>epistulae</span> 
     </span>
     <span class='ocr_line' id='line_1_5' title="bbox 257 869 1444 969; baseline 0 -29"><span class='ocrx_word' id='word_1_30' title='bbox 257 883 326 960; x_wconf 88' lang='lat' dir='ltr'>XX,</span> <span class='ocrx_word' id='word_1_31' title='bbox 349 901 454 969; x_wconf 76' lang='lat' dir='ltr'>sersus</span> <span class='ocrx_word' id='word_1_32' title='bbox 477 882 546 942; x_wconf 89' lang='lat' dir='ltr'>iude</span> <span class='ocrx_word' id='word_1_33' title='bbox 574 902 593 942; x_wconf 90' lang='lat' dir='ltr'>a</span> <span class='ocrx_word' id='word_1_34' title='bbox 617 884 680 942; x_wconf 80' lang='lat'>144</span> <span class='ocrx_word' id='word_1_35' title='bbox 702 883 831 962; x_wconf 86' lang='lat' dir='ltr'>invenit,</span> <span class='ocrx_word' id='word_1_36' title='bbox 852 883 945 942; x_wconf 87' lang='lat' dir='ltr'>etiam</span> <span class='ocrx_word' id='word_1_37' title='bbox 964 883 1082 946; x_wconf 87' lang='lat' dir='ltr'>Paridis</span> <span class='ocrx_word' id='word_1_38' title='bbox 1105 883 1252 958; x_wconf 85' lang='lat' dir='ltr'>epistulae</span> <span class='ocrx_word' id='word_1_39' title='bbox 1275 901 1379 943; x_wconf 84' lang='lat' dir='ltr'>versus</span> <span class='ocrx_word' id='word_1_40' title='bbox 1440 869 1444 873; x_wconf 60' lang='grc'><strong>’</strong></span> 
     </span>
     <span class='ocr_line' id='line_1_6' title="bbox 258 987 1470 1070; baseline 0.002 -25"><span class='ocrx_word' id='word_1_41' title='bbox 258 989 327 1048; x_wconf 90' lang='lat' dir='ltr'>illos</span> <span class='ocrx_word' id='word_1_42' title='bbox 346 987 414 1048; x_wconf 81' lang='lat' dir='ltr'>clv</span> <span class='ocrx_word' id='word_1_43' title='bbox 433 990 620 1066; x_wconf 82' lang='lat' dir='ltr'>complexum</span> <span class='ocrx_word' id='word_1_44' title='bbox 642 1008 707 1050; x_wconf 90' lang='lat' dir='ltr'>esse</span> <span class='ocrx_word' id='word_1_45' title='bbox 731 989 858 1067; x_wconf 86' lang='lat' dir='ltr'>videtur,</span> <span class='ocrx_word' id='word_1_46' title='bbox 882 991 991 1068; x_wconf 91' lang='lat' dir='ltr'>quippe</span> <span class='ocrx_word' id='word_1_47' title='bbox 1010 990 1062 1070; x_wconf 88' lang='lat' dir='ltr'>qui</span> <span class='ocrx_word' id='word_1_48' title='bbox 1080 1009 1099 1050; x_wconf 91' lang='lat' dir='ltr'>a</span> <span class='ocrx_word' id='word_1_49' title='bbox 1117 990 1267 1066; x_wconf 81' lang='lat' dir='ltr'>prioribus</span> <span class='ocrx_word' id='word_1_50' title='bbox 1287 988 1379 1048; x_wconf 91' lang='lat' dir='ltr'>edito·</span> <span class='ocrx_word' id='word_1_51' title='bbox 1464 1017 1470 1024; x_wconf 94' lang='lat'>·</span> 
     </span>
     <span class='ocr_line' id='line_1_7' title="bbox 170 1096 1379 1185; baseline 0.001 -31"><span class='ocrx_word' id='word_1_52' title='bbox 170 1181 172 1185; x_wconf 68' lang='lat'>,</span> <span class='ocrx_word' id='word_1_53' title='bbox 257 1097 349 1172; x_wconf 85' lang='lat' dir='ltr'>ribus,</span> <span class='ocrx_word' id='word_1_54' title='bbox 366 1096 464 1174; x_wconf 90' lang='lat' dir='ltr'>quoad</span> <span class='ocrx_word' id='word_1_55' title='bbox 473 1097 611 1175; x_wconf 88' lang='lat' dir='ltr'>equidem</span> <span class='ocrx_word' id='word_1_56' title='bbox 620 1098 720 1158; x_wconf 85' lang='lat' dir='ltr'>videre</span> <span class='ocrx_word' id='word_1_57' title='bbox 730 1098 824 1176; x_wconf 90' lang='lat' dir='ltr'>potui,</span> <span class='ocrx_word' id='word_1_58' title='bbox 839 1098 1025 1159; x_wconf 89' lang='lat' dir='ltr'>omittantur.</span> <span class='ocrx_word' id='word_1_59' title='bbox 1050 1098 1197 1168; x_wconf 83' lang='lat' dir='ltr'>Quoniam</span> <span class='ocrx_word' id='word_1_60' title='bbox 1207 1100 1309 1158; x_wconf 89' lang='lat' dir='ltr'>autem</span> <span class='ocrx_word' id='word_1_61' title='bbox 1319 1096 1379 1157; x_wconf 88' lang='lat' dir='ltr'>edi·</span> 
     </span>
     <span class='ocr_line' id='line_1_8' title="bbox 257 1203 1381 1281; baseline 0 -18"><span class='ocrx_word' id='word_1_62' title='bbox 257 1207 339 1263; x_wconf 88' lang='lat' dir='ltr'>toras</span> <span class='ocrx_word' id='word_1_63' title='bbox 362 1203 452 1280; x_wconf 92' lang='lat' dir='ltr'>primi</span> <span class='ocrx_word' id='word_1_64' title='bbox 474 1203 550 1264; x_wconf 89' lang='lat' dir='ltr'>nihil</span> <span class='ocrx_word' id='word_1_65' title='bbox 573 1205 700 1281; x_wconf 90' lang='lat' dir='ltr'>amplius</span> <span class='ocrx_word' id='word_1_66' title='bbox 724 1204 760 1264; x_wconf 92' lang='lat' dir='ltr'>de</span> <span class='ocrx_word' id='word_1_67' title='bbox 783 1205 905 1266; x_wconf 90' lang='lat' dir='ltr'>illorum</span> <span class='ocrx_word' id='word_1_68' title='bbox 927 1205 1062 1266; x_wconf 89' lang='lat' dir='ltr'>codicum</span> <span class='ocrx_word' id='word_1_69' title='bbox 1079 1203 1255 1265; x_wconf 89' lang='lat' dir='ltr'>condicione</span> <span class='ocrx_word' id='word_1_70' title='bbox 1278 1203 1381 1264; x_wconf 87' lang='lat' dir='ltr'>dicunt</span> 
     </span>
     <span class='ocr_line' id='line_1_9' title="bbox 257 1311 1380 1389; baseline 0.002 -21"><span class='ocrx_word' id='word_1_71' title='bbox 257 1328 353 1385; x_wconf 89' lang='lat' dir='ltr'>neque</span> <span class='ocrx_word' id='word_1_72' title='bbox 380 1311 449 1385; x_wconf 87' lang='lat' dir='ltr'>plus</span> <span class='ocrx_word' id='word_1_73' title='bbox 477 1330 567 1388; x_wconf 90' lang='lat' dir='ltr'>quam</span> <span class='ocrx_word' id='word_1_74' title='bbox 593 1313 662 1372; x_wconf 89' lang='lat' dir='ltr'>illos</span> <span class='ocrx_word' id='word_1_75' title='bbox 690 1312 771 1389; x_wconf 87' lang='lat' dir='ltr'>ipsos</span> <span class='ocrx_word' id='word_1_76' title='bbox 799 1331 903 1372; x_wconf 86' lang='lat' dir='ltr'>versus</span> <span class='ocrx_word' id='word_1_77' title='bbox 932 1313 963 1371; x_wconf 93' lang='lat' dir='ltr'>in</span> <span class='ocrx_word' id='word_1_78' title='bbox 990 1313 1057 1376; x_wconf 87' lang='lat' dir='ltr'>aliis</span> <span class='ocrx_word' id='word_1_79' title='bbox 1081 1311 1231 1372; x_wconf 76' lang='lat' dir='ltr'>codicibus</span> <span class='ocrx_word' id='word_1_80' title='bbox 1254 1311 1380 1372; x_wconf 86' lang='lat' dir='ltr'>omissos</span> 
     </span>
     <span class='ocr_line' id='line_1_10' title="bbox 259 1416 1377 1498; baseline 0.002 -24"><span class='ocrx_word' id='word_1_81' title='bbox 259 1435 294 1475; x_wconf 85' lang='lat' dir='ltr'>ex</span> <span class='ocrx_word' id='word_1_82' title='bbox 313 1416 356 1476; x_wconf 87' lang='lat' dir='ltr'>eis</span> <span class='ocrx_word' id='word_1_83' title='bbox 374 1417 522 1494; x_wconf 81' lang='lat' dir='ltr'>recepisse</span> <span class='ocrx_word' id='word_1_84' title='bbox 540 1418 689 1497; x_wconf 87' lang='lat' dir='ltr'>videntur,</span> <span class='ocrx_word' id='word_1_85' title='bbox 709 1439 855 1498; x_wconf 79' lang='lat' dir='ltr'>quaenam</span> <span class='ocrx_word' id='word_1_86' title='bbox 873 1421 994 1480; x_wconf 91' lang='lat' dir='ltr'>illorum</span> <span class='ocrx_word' id='word_1_87' title='bbox 1011 1419 1104 1482; x_wconf 83' lang='lat' dir='ltr'>fuerit</span> <span class='ocrx_word' id='word_1_88' title='bbox 1117 1419 1205 1496; x_wconf 89' lang='lat' dir='ltr'>ratio,</span> <span class='ocrx_word' id='word_1_89' title='bbox 1223 1418 1377 1480; x_wconf 89' lang='lat' dir='ltr'>nescimus.</span> 
     </span>
    </p>
   </div>
   <div class='ocr_carea' id='block_1_3' title="bbox 677 1843 966 1920">
    <p class='ocr_par' dir='ltr' id='par_1_3' title="bbox 677 1843 966 1920">
     <span class='ocr_line' id='line_1_11' title="bbox 677 1843 966 1920; baseline 0.01 -3"><span class='ocrx_word' id='word_1_90' title='bbox 677 1843 966 1920; x_wconf 84' lang='lat' dir='ltr'>Addendum.</span> 
     </span>
    </p>
   </div>
   <div class='ocr_carea' id='block_1_4' title="bbox 766 1987 872 1994">
    <p class='ocr_par' dir='ltr' id='par_1_4' title="bbox 766 1987 872 1994">
     <span class='ocr_line' id='line_1_12' title="bbox 766 1987 872 1994; baseline 0 0"><span class='ocrx_word' id='word_1_91' title='bbox 766 1987 872 1994; x_wconf 76' lang='lat'>-.-—---·</span> 
     </span>
    </p>
   </div>
   <div class='ocr_carea' id='block_1_5' title="bbox 202 2069 1385 3031">
    <p class='ocr_par' dir='ltr' id='par_1_5' title="bbox 202 2069 1382 2764">
     <span class='ocr_line' id='line_1_13' title="bbox 332 2069 1381 2142; baseline 0.001 -19"><span class='ocrx_word' id='word_1_92' title='bbox 332 2069 405 2124; x_wconf 86' lang='lat' dir='ltr'>Dum</span> <span class='ocrx_word' id='word_1_93' title='bbox 425 2070 597 2141; x_wconf 76' lang='lat' dir='ltr'>typographi</span> <span class='ocrx_word' id='word_1_94' title='bbox 617 2069 771 2140; x_wconf 87' lang='lat' dir='ltr'>specimina</span> <span class='ocrx_word' id='word_1_95' title='bbox 789 2069 913 2142; x_wconf 78' lang='lat' dir='ltr'>corrigo,</span> <span class='ocrx_word' id='word_1_96' title='bbox 932 2070 1052 2142; x_wconf 82' lang='lat' dir='ltr'>cognovi</span> <span class='ocrx_word' id='word_1_97' title='bbox 1070 2072 1195 2126; x_wconf 79' lang='lat' dir='ltr'>Birlc&#39;um</span> <span class='ocrx_word' id='word_1_98' title='bbox 1213 2072 1243 2125; x_wconf 91' lang='lat' dir='ltr'>et</span> <span class='ocrx_word' id='word_1_99' title='bbox 1261 2070 1296 2125; x_wconf 95' lang='lat' dir='ltr'>de</span> <span class='ocrx_word' id='word_1_100' title='bbox 1315 2069 1381 2125; x_wconf 87' lang='lat' dir='ltr'>libri</span> 
     </span>
     <span class='ocr_line' id='line_1_14' title="bbox 260 2156 1378 2231; baseline -0.001 -18"><span class='ocrx_word' id='word_1_101' title='bbox 260 2156 393 2214; x_wconf 89' lang='lat' dir='ltr'>Ovidiaui</span> <span class='ocrx_word' id='word_1_102' title='bbox 410 2158 593 2230; x_wconf 85' lang='lat' dir='ltr'>inscriptione</span> <span class='ocrx_word' id='word_1_103' title='bbox 612 2158 801 2231; x_wconf 77' lang='lat' dir='ltr'>disputavisse</span> <span class='ocrx_word' id='word_1_104' title='bbox 821 2161 890 2231; x_wconf 90' lang='lat' dir='ltr'>(das</span> <span class='ocrx_word' id='word_1_105' title='bbox 909 2159 1027 2216; x_wconf 86' lang='lat' dir='ltr'>antike</span> <span class='ocrx_word' id='word_1_106' title='bbox 1046 2159 1269 2229; x_wconf 84' lang='lat' dir='ltr'>Buchwesen,</span> <span class='ocrx_word' id='word_1_107' title='bbox 1283 2157 1378 2214; x_wconf 86' lang='lat' dir='ltr'>Berlin</span> 
     </span>
     <span class='ocr_line' id='line_1_15' title="bbox 264 2249 1382 2320; baseline -0.001 -18"><span class='ocrx_word' id='word_1_108' title='bbox 264 2253 341 2315; x_wconf 83' lang='lat'>1882,</span> <span class='ocrx_word' id='word_1_109' title='bbox 359 2267 387 2318; x_wconf 90' lang='lat' dir='ltr'>p.</span> <span class='ocrx_word' id='word_1_110' title='bbox 402 2255 454 2304; x_wconf 77' lang='grc'>378</span> <span class='ocrx_word' id='word_1_111' title='bbox 466 2251 527 2319; x_wconf 79' lang='lat' dir='ltr'>sq),</span> <span class='ocrx_word' id='word_1_112' title='bbox 546 2252 575 2306; x_wconf 85' lang='lat' dir='ltr'>et</span> <span class='ocrx_word' id='word_1_113' title='bbox 593 2266 665 2318; x_wconf 89' lang='lat' dir='ltr'>qnae</span> <span class='ocrx_word' id='word_1_114' title='bbox 684 2253 768 2306; x_wconf 89' lang='lat' dir='ltr'>antea</span> <span class='ocrx_word' id='word_1_115' title='bbox 786 2250 821 2305; x_wconf 88' lang='lat' dir='ltr'>de</span> <span class='ocrx_word' id='word_1_116' title='bbox 840 2249 992 2320; x_wconf 84' lang='lat' dir='ltr'>partitione</span> <span class='ocrx_word' id='word_1_117' title='bbox 1006 2250 1152 2319; x_wconf 82' lang='lat' dir='ltr'>statuerat,</span> <span class='ocrx_word' id='word_1_118' title='bbox 1170 2249 1337 2304; x_wconf 80' lang='lat' dir='ltr'>retractasse</span> <span class='ocrx_word' id='word_1_119' title='bbox 1353 2249 1382 2303; x_wconf 89' lang='lat' dir='ltr'>et</span> 
     </span>
     <span class='ocr_line' id='line_1_16' title="bbox 202 2336 1380 2410; baseline 0 -20"><span class='ocrx_word' id='word_1_120' title='bbox 202 2361 204 2366; x_wconf 95' lang='lat'>·</span> <span class='ocrx_word' id='word_1_121' title='bbox 259 2336 418 2394; x_wconf 87' lang='lat' dir='ltr'>correxisse.</span> <span class='ocrx_word' id='word_1_122' title='bbox 456 2337 526 2392; x_wconf 82' lang='lat' dir='ltr'>Cum</span> <span class='ocrx_word' id='word_1_123' title='bbox 549 2337 602 2406; x_wconf 87' lang='lat' dir='ltr'>eis,</span> <span class='ocrx_word' id='word_1_124' title='bbox 632 2356 703 2407; x_wconf 89' lang='lat' dir='ltr'>quae</span> <span class='ocrx_word' id='word_1_125' title='bbox 728 2339 761 2393; x_wconf 86' lang='lat' dir='ltr'>de</span> <span class='ocrx_word' id='word_1_126' title='bbox 785 2339 886 2394; x_wconf 90' lang='lat' dir='ltr'>haere</span> <span class='ocrx_word' id='word_1_127' title='bbox 909 2337 1051 2410; x_wconf 87' lang='lat' dir='ltr'>exposuit,</span> <span class='ocrx_word' id='word_1_128' title='bbox 1075 2337 1147 2392; x_wconf 90' lang='lat' dir='ltr'>nihil</span> <span class='ocrx_word' id='word_1_129' title='bbox 1164 2338 1285 2393; x_wconf 82' lang='lat' dir='ltr'>habeam</span> <span class='ocrx_word' id='word_1_130' title='bbox 1304 2336 1380 2404; x_wconf 89' lang='lat' dir='ltr'>quod</span> 
     </span>
     <span class='ocr_line' id='line_1_17' title="bbox 248 2425 1378 2497; baseline 0.001 -17"><span class='ocrx_word' id='word_1_131' title='bbox 248 2425 374 2495; x_wconf 78' lang='lat' dir='ltr'>addam,</span> <span class='ocrx_word' id='word_1_132' title='bbox 398 2425 448 2480; x_wconf 91' lang='lat' dir='ltr'>illa</span> <span class='ocrx_word' id='word_1_133' title='bbox 466 2427 525 2482; x_wconf 84' lang='lat' dir='ltr'>eius</span> <span class='ocrx_word' id='word_1_134' title='bbox 544 2428 716 2494; x_wconf 88' lang='lat' dir='ltr'>coniectura,</span> <span class='ocrx_word' id='word_1_135' title='bbox 741 2443 797 2496; x_wconf 90' lang='lat' dir='ltr'>qua</span> <span class='ocrx_word' id='word_1_136' title='bbox 819 2427 941 2497; x_wconf 89' lang='lat' dir='ltr'>primum</span> <span class='ocrx_word' id='word_1_137' title='bbox 964 2427 1078 2494; x_wconf 88' lang='lat' dir='ltr'>quidem</span> <span class='ocrx_word' id='word_1_138' title='bbox 1096 2427 1212 2481; x_wconf 90' lang='lat' dir='ltr'>titulum</span> <span class='ocrx_word' id='word_1_139' title='bbox 1237 2425 1378 2481; x_wconf 72' lang='lat' dir='ltr'>‘laroidcs’</span> 
     </span>
     <span class='ocr_line' id='line_1_18' title="bbox 257 2513 1378 2588; baseline 0.001 -20"><span class='ocrx_word' id='word_1_140' title='bbox 257 2513 357 2583; x_wconf 78' lang='lat' dir='ltr'>risisse,</span> <span class='ocrx_word' id='word_1_141' title='bbox 381 2515 430 2570; x_wconf 91' lang='lat' dir='ltr'>sed</span> <span class='ocrx_word' id='word_1_142' title='bbox 455 2531 519 2570; x_wconf 89' lang='lat' dir='ltr'>eum</span> <span class='ocrx_word' id='word_1_143' title='bbox 538 2516 656 2571; x_wconf 88' lang='lat' dir='ltr'>adiectis</span> <span class='ocrx_word' id='word_1_144' title='bbox 675 2515 799 2571; x_wconf 85' lang='lat' dir='ltr'>virorum</span> <span class='ocrx_word' id='word_1_145' title='bbox 817 2515 920 2572; x_wconf 85' lang='lat' dir='ltr'>litteris</span> <span class='ocrx_word' id='word_1_146' title='bbox 939 2513 1078 2571; x_wconf 78' lang='lat' dir='ltr'>mutatum</span> <span class='ocrx_word' id='word_1_147' title='bbox 1097 2532 1158 2571; x_wconf 88' lang='lat' dir='ltr'>esse</span> <span class='ocrx_word' id='word_1_148' title='bbox 1176 2516 1206 2570; x_wconf 92' lang='lat' dir='ltr'>in</span> <span class='ocrx_word' id='word_1_149' title='bbox 1226 2513 1378 2588; x_wconf 68' lang='lat' dir='ltr'>‘eparcus’</span> 
     </span>
     <span class='ocr_line' id='line_1_19' title="bbox 258 2601 1381 2677; baseline -0.002 -19"><span class='ocrx_word' id='word_1_150' title='bbox 258 2606 354 2659; x_wconf 83' lang='lat' dir='ltr'>censet</span> <span class='ocrx_word' id='word_1_151' title='bbox 372 2608 467 2673; x_wconf 89' lang='lat' dir='ltr'>(quam</span> <span class='ocrx_word' id='word_1_152' title='bbox 485 2603 599 2672; x_wconf 85' lang='lat' dir='ltr'>quidem</span> <span class='ocrx_word' id='word_1_153' title='bbox 618 2621 716 2661; x_wconf 87' lang='lat' dir='ltr'>vocem</span> <span class='ocrx_word' id='word_1_154' title='bbox 736 2605 980 2677; x_wconf 77' lang='lat' dir='ltr'>‘geschlechtslos’</span> <span class='ocrx_word' id='word_1_155' title='bbox 1000 2606 1150 2676; x_wconf 88' lang='lat' dir='ltr'>appellat),</span> <span class='ocrx_word' id='word_1_156' title='bbox 1168 2621 1235 2659; x_wconf 89' lang='lat' dir='ltr'>num</span> <span class='ocrx_word' id='word_1_157' title='bbox 1253 2617 1320 2658; x_wconf 86' lang='lat' dir='ltr'>vera</span> <span class='ocrx_word' id='word_1_158' title='bbox 1335 2601 1381 2667; x_wconf 75' lang='lat' dir='ltr'>ut,</span> 
     </span>
     <span class='ocr_line' id='line_1_20' title="bbox 258 2681 1058 2764; baseline 0.003 -16"><span class='ocrx_word' id='word_1_159' title='bbox 258 2681 328 2748; x_wconf 87' lang='lat' dir='ltr'>satis</span> <span class='ocrx_word' id='word_1_160' title='bbox 351 2692 536 2750; x_wconf 89' lang='lat' dir='ltr'>dubitationis</span> <span class='ocrx_word' id='word_1_161' title='bbox 559 2694 735 2764; x_wconf 88' lang='lat' dir='ltr'>relinquitur.</span> <span class='ocrx_word' id='word_1_162' title='bbox 1057 2747 1058 2750; x_wconf 74' lang='grc'>,</span> 
     </span>
    </p>

    <p class='ocr_par' dir='ltr' id='par_1_6' title="bbox 206 2781 1385 3031">
     <span class='ocr_line' id='line_1_21' title="bbox 206 2781 1380 2857; baseline 0.002 -21"><span class='ocrx_word' id='word_1_163' title='bbox 206 2853 208 2857; x_wconf 65' lang='lat'>,</span> <span class='ocrx_word' id='word_1_164' title='bbox 330 2782 386 2837; x_wconf 87' lang='lat' dir='ltr'>Sed</span> <span class='ocrx_word' id='word_1_165' title='bbox 405 2783 440 2838; x_wconf 89' lang='lat' dir='ltr'>de</span> <span class='ocrx_word' id='word_1_166' title='bbox 459 2800 522 2838; x_wconf 88' lang='lat' dir='ltr'>mea</span> <span class='ocrx_word' id='word_1_167' title='bbox 539 2781 641 2854; x_wconf 88' lang='lat' dir='ltr'>ipsius,</span> <span class='ocrx_word' id='word_1_168' title='bbox 661 2800 744 2852; x_wconf 90' lang='lat' dir='ltr'>quam</span> <span class='ocrx_word' id='word_1_169' title='bbox 763 2802 789 2855; x_wconf 92' lang='lat' dir='ltr'>p.</span> <span class='ocrx_word' id='word_1_170' title='bbox 810 2790 826 2838; x_wconf 81' lang='lat'><strong>2</strong></span> <span class='ocrx_word' id='word_1_171' title='bbox 846 2783 975 2854; x_wconf 83' lang='lat' dir='ltr'>exposui,</span> <span class='ocrx_word' id='word_1_172' title='bbox 995 2783 1136 2840; x_wconf 89' lang='lat' dir='ltr'>sententia</span> <span class='ocrx_word' id='word_1_173' title='bbox 1152 2783 1256 2840; x_wconf 88' lang='lat' dir='ltr'>iterata</span> <span class='ocrx_word' id='word_1_174' title='bbox 1274 2784 1380 2856; x_wconf 80' lang='lat' dir='ltr'>cogita-</span> 
     </span>
     <span class='ocr_line' id='line_1_22' title="bbox 257 2861 1385 2943; baseline 0.003 -18"><span class='ocrx_word' id='word_1_175' title='bbox 257 2861 474 2939; x_wconf 66' lang='lat' dir='ltr'>tione&#39;aliquam</span> <span class='ocrx_word' id='word_1_176' title='bbox 488 2871 559 2926; x_wconf 89' lang='lat' dir='ltr'>mihi</span> <span class='ocrx_word' id='word_1_177' title='bbox 573 2871 780 2928; x_wconf 86' lang='lat' dir='ltr'>dubitationem</span> <span class='ocrx_word' id='word_1_178' title='bbox 794 2871 938 2928; x_wconf 87' lang='lat' dir='ltr'>subortam</span> <span class='ocrx_word' id='word_1_179' title='bbox 953 2890 1013 2928; x_wconf 89' lang='lat' dir='ltr'>esse</span> <span class='ocrx_word' id='word_1_180' title='bbox 1028 2873 1168 2943; x_wconf 90' lang='lat' dir='ltr'>profiteor.</span> <span class='ocrx_word' id='word_1_181' title='bbox 1201 2873 1385 2928; x_wconf 81' lang='lat' dir='ltr'>Adiectivum·</span> 
     </span>
     <span class='ocr_line' id='line_1_23' title="bbox 238 2951 1380 3031; baseline 0 -16"><span class='ocrx_word' id='word_1_182' title='bbox 238 2951 240 2956; x_wconf 60' lang='grc'>’</span> <span class='ocrx_word' id='word_1_183' title='bbox 258 2959 333 3015; x_wconf 90' lang='lat' dir='ltr'>enim</span> <span class='ocrx_word' id='word_1_184' title='bbox 354 2959 470 3015; x_wconf 85' lang='lat' dir='ltr'>‘herois&#39;</span> <span class='ocrx_word' id='word_1_185' title='bbox 492 2959 671 3016; x_wconf 88' lang='lat' dir='ltr'>coniunctum</span> <span class='ocrx_word' id='word_1_186' title='bbox 685 2977 749 3016; x_wconf 87' lang='lat' dir='ltr'>cum</span> <span class='ocrx_word' id='word_1_187' title='bbox 764 2960 909 3031; x_wconf 82' lang='lat' dir='ltr'>‘epistula’</span> <span class='ocrx_word' id='word_1_188' title='bbox 925 2961 1048 3030; x_wconf 84' lang='lat' dir='ltr'>quaesiti</span> <span class='ocrx_word' id='word_1_189' title='bbox 1066 2961 1199 3029; x_wconf 85' lang='lat' dir='ltr'>quiddam</span> <span class='ocrx_word' id='word_1_190' title='bbox 1215 2965 1299 3030; x_wconf 83' lang='lat' dir='ltr'>abque</span> <span class='ocrx_word' id='word_1_191' title='bbox 1314 2959 1380 3016; x_wconf 89' lang='lat' dir='ltr'>arti·</span> 
     </span>
    </p>
   </div>
   <div class='ocr_carea' id='block_1_6' title="bbox 257 3037 1473 3388">
    <p class='ocr_par' dir='ltr' id='par_1_7' title="bbox 257 3037 1473 3388">
     <span class='ocr_line' id='line_1_24' title="bbox 257 3037 1380 3122; baseline 0.004 -19"><span class='ocrx_word' id='word_1_192' title='bbox 257 3049 348 3105; x_wconf 85' lang='lat' dir='ltr'>liciosi</span> <span class='ocrx_word' id='word_1_193' title='bbox 370 3037 470 3120; x_wconf 85' lang='lat' dir='ltr'>habet,</span> <span class='ocrx_word' id='word_1_194' title='bbox 499 3067 562 3105; x_wconf 91' lang='lat' dir='ltr'>cum</span> <span class='ocrx_word' id='word_1_195' title='bbox 584 3051 651 3105; x_wconf 86' lang='lat' dir='ltr'>telis</span> <span class='ocrx_word' id='word_1_196' title='bbox 674 3049 833 3106; x_wconf 91' lang='lat' dir='ltr'>coniunctio</span> <span class='ocrx_word' id='word_1_197' title='bbox 861 3068 918 3107; x_wconf 90' lang='lat' dir='ltr'>non</span> <span class='ocrx_word' id='word_1_198' title='bbox 947 3053 1006 3105; x_wconf 89' lang='lat' dir='ltr'>tam</span> <span class='ocrx_word' id='word_1_199' title='bbox 1032 3049 1211 3122; x_wconf 90' lang='lat' dir='ltr'>inscriptioni</span> <span class='ocrx_word' id='word_1_200' title='bbox 1238 3050 1380 3122; x_wconf 80' lang='lat' dir='ltr'>proseriae</span> 
     </span>
     <span class='ocr_line' id='line_1_25' title="bbox 258 3137 1379 3212; baseline 0.001 -18"><span class='ocrx_word' id='word_1_201' title='bbox 258 3155 343 3208; x_wconf 86' lang='lat' dir='ltr'>quam</span> <span class='ocrx_word' id='word_1_202' title='bbox 361 3137 490 3209; x_wconf 88' lang='lat' dir='ltr'>poeticae</span> <span class='ocrx_word' id='word_1_203' title='bbox 508 3137 631 3195; x_wconf 89' lang='lat' dir='ltr'>orationi</span> <span class='ocrx_word' id='word_1_204' title='bbox 650 3139 805 3195; x_wconf 78' lang='lat' dir='ltr'>conveniat.</span> <span class='ocrx_word' id='word_1_205' title='bbox 833 3141 984 3197; x_wconf 89' lang='lat' dir='ltr'>Praeterea</span> <span class='ocrx_word' id='word_1_206' title='bbox 1005 3139 1154 3211; x_wconf 81' lang='lat' dir='ltr'>‘epistulae</span> <span class='ocrx_word' id='word_1_207' title='bbox 1168 3140 1310 3212; x_wconf 84' lang='lat' dir='ltr'>heroides’</span> <span class='ocrx_word' id='word_1_208' title='bbox 1330 3156 1379 3211; x_wconf 94' lang='lat' dir='ltr'>po-</span> 
     </span>
     <span class='ocr_line' id='line_1_26' title="bbox 257 3227 1380 3302; baseline 0.001 -20"><span class='ocrx_word' id='word_1_209' title='bbox 257 3227 314 3283; x_wconf 87' lang='lat' dir='ltr'>tius</span> <span class='ocrx_word' id='word_1_210' title='bbox 342 3229 459 3284; x_wconf 87' lang='lat' dir='ltr'>heroum</span> <span class='ocrx_word' id='word_1_211' title='bbox 488 3247 572 3297; x_wconf 89' lang='lat' dir='ltr'>quam</span> <span class='ocrx_word' id='word_1_212' title='bbox 595 3227 774 3285; x_wconf 87' lang='lat' dir='ltr'>heroinarum</span> <span class='ocrx_word' id='word_1_213' title='bbox 797 3228 936 3299; x_wconf 87' lang='lat' dir='ltr'>epistulae</span> <span class='ocrx_word' id='word_1_214' title='bbox 959 3229 1167 3302; x_wconf 81' lang='lat' dir='ltr'>intellegendae</span> <span class='ocrx_word' id='word_1_215' title='bbox 1191 3232 1264 3286; x_wconf 88' lang='lat' dir='ltr'>sunt.</span> <span class='ocrx_word' id='word_1_216' title='bbox 1311 3229 1380 3284; x_wconf 81' lang='lat' dir='ltr'>Cum</span> 
     </span>
     <span class='ocr_line' id='line_1_27' title="bbox 257 3317 1473 3388; baseline 0.001 -16"><span class='ocrx_word' id='word_1_217' title='bbox 257 3318 352 3372; x_wconf 90' lang='lat' dir='ltr'>autem</span> <span class='ocrx_word' id='word_1_218' title='bbox 374 3317 489 3380; x_wconf 61' lang='lat' dir='ltr'>&#39;conant</span> <span class='ocrx_word' id='word_1_219' title='bbox 512 3335 529 3373; x_wconf 87' lang='lat' dir='ltr'>a</span> <span class='ocrx_word' id='word_1_220' title='bbox 553 3317 735 3388; x_wconf 88' lang='lat' dir='ltr'>scriptoribus</span> <span class='ocrx_word' id='word_1_221' title='bbox 758 3317 881 3388; x_wconf 87' lang='lat' dir='ltr'>antiquis</span> <span class='ocrx_word' id='word_1_222' title='bbox 903 3319 990 3375; x_wconf 90' lang='lat' dir='ltr'>libros</span> <span class='ocrx_word' id='word_1_223' title='bbox 1012 3319 1143 3375; x_wconf 86' lang='lat' dir='ltr'>licentius</span> <span class='ocrx_word' id='word_1_224' title='bbox 1169 3318 1271 3374; x_wconf 81' lang='lat' dir='ltr'>citatos</span> <span class='ocrx_word' id='word_1_225' title='bbox 1294 3321 1379 3388; x_wconf 90' lang='lat' dir='ltr'>atque</span> <span class='ocrx_word' id='word_1_226' title='bbox 1469 3379 1473 3388; x_wconf 81' lang='lat'>.</span> 
     </span>
    </p>
   </div>
   <div class='ocr_carea' id='block_1_7' title="bbox 258 3405 1404 3743">
    <p class='ocr_par' dir='ltr' id='par_1_8' title="bbox 258 3405 1404 3743">
     <span class='ocr_line' id='line_1_28' title="bbox 258 3405 1404 3476; baseline 0.001 -16"><span class='ocrx_word' id='word_1_227' title='bbox 258 3423 355 3460; x_wconf 89' lang='lat' dir='ltr'>eorum</span> <span class='ocrx_word' id='word_1_228' title='bbox 378 3405 477 3461; x_wconf 91' lang='lat' dir='ltr'>titulos</span> <span class='ocrx_word' id='word_1_229' title='bbox 500 3405 577 3460; x_wconf 88' lang='lat' dir='ltr'>haud</span> <span class='ocrx_word' id='word_1_230' title='bbox 599 3422 664 3460; x_wconf 89' lang='lat' dir='ltr'>raro</span> <span class='ocrx_word' id='word_1_231' title='bbox 683 3406 843 3462; x_wconf 81' lang='lat' dir='ltr'>decurtatos</span> <span class='ocrx_word' id='word_1_232' title='bbox 861 3406 968 3474; x_wconf 84' lang='lat' dir='ltr'>afferri,</span> <span class='ocrx_word' id='word_1_233' title='bbox 987 3407 1062 3462; x_wconf 87' lang='lat' dir='ltr'>hunc</span> <span class='ocrx_word' id='word_1_234' title='bbox 1081 3405 1250 3463; x_wconf 79' lang='lat' dir='ltr'>Ouidianum</span> <span class='ocrx_word' id='word_1_235' title='bbox 1267 3405 1380 3476; x_wconf 89' lang='lat' dir='ltr'>librum,</span> <span class='ocrx_word' id='word_1_236' title='bbox 1401 3455 1404 3476; x_wconf 81' lang='lat'>,</span> 
     </span>
     <span class='ocr_line' id='line_1_29' title="bbox 258 3483 1380 3566; baseline 0.002 -16"><span class='ocrx_word' id='word_1_237' title='bbox 258 3483 322 3550; x_wconf 88' lang='lat' dir='ltr'>cum</span> <span class='ocrx_word' id='word_1_238' title='bbox 338 3491 489 3564; x_wconf 88' lang='lat' dir='ltr'>‘epistulae</span> <span class='ocrx_word' id='word_1_239' title='bbox 502 3491 661 3549; x_wconf 86' lang='lat' dir='ltr'>heroidum&#39;</span> <span class='ocrx_word' id='word_1_240' title='bbox 677 3492 828 3566; x_wconf 89' lang='lat' dir='ltr'>inscriptus</span> <span class='ocrx_word' id='word_1_241' title='bbox 842 3497 924 3563; x_wconf 84' lang='lat' dir='ltr'>esset,</span> <span class='ocrx_word' id='word_1_242' title='bbox 943 3494 1116 3550; x_wconf 86' lang='lat' dir='ltr'>aPrisciano</span> <span class='ocrx_word' id='word_1_243' title='bbox 1130 3494 1305 3552; x_wconf 88' lang='lat' dir='ltr'>nominatum</span> <span class='ocrx_word' id='word_1_244' title='bbox 1319 3513 1380 3552; x_wconf 88' lang='lat' dir='ltr'>esse</span> 
     </span>
     <span class='ocr_line' id='line_1_30' title="bbox 259 3580 1379 3654; baseline 0.002 -18"><span class='ocrx_word' id='word_1_245' title='bbox 259 3581 412 3638; x_wconf 86' lang='lat' dir='ltr'>‘heroides&#39;</span> <span class='ocrx_word' id='word_1_246' title='bbox 432 3580 586 3636; x_wconf 87' lang='lat' dir='ltr'>verisimile</span> <span class='ocrx_word' id='word_1_247' title='bbox 605 3583 655 3637; x_wconf 89' lang='lat' dir='ltr'>est.</span> <span class='ocrx_word' id='word_1_248' title='bbox 688 3581 786 3650; x_wconf 91' lang='lat' dir='ltr'>Itaque</span> <span class='ocrx_word' id='word_1_249' title='bbox 804 3584 880 3637; x_wconf 92' lang='lat' dir='ltr'>haud</span> <span class='ocrx_word' id='word_1_250' title='bbox 900 3583 958 3640; x_wconf 91' lang='lat' dir='ltr'>scio</span> <span class='ocrx_word' id='word_1_251' title='bbox 977 3602 1014 3639; x_wconf 90' lang='lat' dir='ltr'>an</span> <span class='ocrx_word' id='word_1_252' title='bbox 1032 3583 1135 3639; x_wconf 89' lang='lat' dir='ltr'>rectius</span> <span class='ocrx_word' id='word_1_253' title='bbox 1154 3585 1294 3640; x_wconf 88' lang='lat' dir='ltr'>statuatur</span> <span class='ocrx_word' id='word_1_254' title='bbox 1309 3583 1379 3654; x_wconf 84' lang='lat' dir='ltr'>‘epi-</span> 
     </span>
     <span class='ocr_line' id='line_1_31' title="bbox 258 3669 1218 3743; baseline 0.003 -16"><span class='ocrx_word' id='word_1_255' title='bbox 258 3671 350 3728; x_wconf 85' lang='lat' dir='ltr'>stulae</span> <span class='ocrx_word' id='word_1_256' title='bbox 368 3671 527 3728; x_wconf 89' lang='lat' dir='ltr'>heroidum&#39;</span> <span class='ocrx_word' id='word_1_257' title='bbox 548 3669 635 3728; x_wconf 83' lang='lat' dir='ltr'>fuisse</span> <span class='ocrx_word' id='word_1_258' title='bbox 653 3670 867 3742; x_wconf 87' lang='lat' dir='ltr'>inscriptionem</span> <span class='ocrx_word' id='word_1_259' title='bbox 885 3673 998 3743; x_wconf 88' lang='lat' dir='ltr'>plenam</span> <span class='ocrx_word' id='word_1_260' title='bbox 1018 3676 1047 3729; x_wconf 89' lang='lat' dir='ltr'>et</span> <span class='ocrx_word' id='word_1_261' title='bbox 1065 3671 1218 3742; x_wconf 87' lang='lat' dir='ltr'>antiquam.</span> 
     </span>
    </p>
   </div>
   <div class='ocr_carea' id='block_1_8' title="bbox 0 0 1608 4928">
    <p class='ocr_par' dir='ltr' id='par_1_9' title="bbox 0 0 1608 4928">
     <span class='ocr_line' id='line_1_32' title="bbox 0 0 1608 4928; baseline 0 0"><span class='ocrx_word' id='word_1_262' title='bbox 0 0 1608 4928; x_wconf 95' lang='lat' dir='ltr'> </span> 
     </span>
    </p>
   </div>
  </div>
 </body>
</html>
