3206 4928
722 421 786 440 .-.
834 395 876 456 22
930 429 959 438 -

383 573 474 634 Cuius
500 574 557 633 hoc
584 595 677 633 unum
699 574 789 636 liceat
811 577 1195 652 repetereargumentum,
1222 577 1301 653 quod
1323 577 1415 652 impe·

294 680 418 757 rativus,
441 681 493 757 qui
515 681 630 740 duobus
649 680 823 740 conficiatur
841 682 965 758 syllabis
987 683 1137 760 brevibus,
1159 702 1220 742 non
1241 684 1305 743 fere
1324 702 1415 759 pona·

293 790 344 846 tur
367 807 385 848 a
407 788 527 847 Nasone
549 788 607 864 ita,
630 792 664 847 ut
687 789 784 847 altera
807 789 925 865 syllaba
948 789 1084 850 elidatur.
1123 789 1213 866 Nam,
1239 808 1313 866 quos
1337 791 1415 849 solos

294 894 362 954 huic
389 895 450 972 legi
477 896 642 956 contrarios
669 897 757 956 affert
783 897 863 955 locos
893 889 934 978 (a.
952 917 978 957 a.
999 897 1043 974 II,
1062 899 1142 973 4893
1165 897 1237 957 Met.
1255 897 1323 973 XII,
1338 899 1416 971 3093

294 1004 374 1079 4903
396 1001 480 1079 XIII,
500 997 589 1082 381),
612 1021 671 1062 una
694 1004 829 1080 quamvis
852 1004 962 1080 pusilla
984 1023 1044 1063 non
1062 1007 1162 1064 161161
1180 1003 1365 1082 neglegenda
1384 1022 1416 1061 re

295 1108 436 1167 differunt
463 1128 482 1168 a
508 1111 612 1169 nostro
639 1110 718 1185 loco,
746 1109 825 1184 quod
850 1111 969 1186 syllaba
992 1111 1066 1170 elisa
1088 1129 1148 1169 non
1170 1110 1250 1170 cadit
1272 1111 1304 1168 in
1326 1111 1415 1171 arsin.

385 1214 498 1275 Versus
522 1214 559 1292 V,
574 1217 625 1290 44,
645 1217 686 1274 45
710 1214 835 1275 Heinsio
859 1218 979 1276 auctore
1006 1215 1144 1275 nonnulli
1167 1220 1320 1293 suspectos
1343 1235 1416 1292 esse,
1480 1212 1482 1218 ’

302 1321 366 1397 alii,
390 1324 425 1380 ut
447 1340 542 1398 nuper
565 1320 694 1382 editores
717 1322 822 1399 Angli,
845 1322 969 1382 retineri
990 1323 1158 1384 voluerunt.

383 1428 512 1488 Versum
536 1431 577 1489 45
601 1429 632 1488 in
655 1429 754 1505 priore
776 1433 863 1506 parte
885 1429 962 1487 nihil
989 1430 1133 1506 praebere
1155 1431 1238 1504 noui,
1266 1429 1298 1490 in
1320 1431 1416 1490 altera

283 1536 373 1594 ¹idem
396 1537 556 1612 continere,
580 1535 658 1612 quod
676 1537 783 1596 melius
807 1540 838 1596 et
860 1538 961 1612 aptius
982 1538 1014 1596 in
1031 1537 1166 1614 proximo
1184 1556 1273 1597 versu
1292 1537 1416 1614 dicatur,

294 1642 390 1717 primo
418 1644 526 1702 obtutu
554 1646 687 1718 apparet.
727 1644 888 1702 Praeterea
915 1643 1097 1720 suspiciosus
1124 1647 1171 1704 est
1200 1644 1281 1719 prior
1302 1662 1415 1704 versus.

295 1747 554 1820 Commemoratur
571 1749 688 1808 Paridis
711 1769 838 1826 magnus
860 1769 940 1827 erga.
956 1749 1098 1810 Oenonen
1116 1770 1208 1827 amor,
1231 1750 1283 1826 qui
1302 1750 1415 1826 inipso

174 1869 177 1876 ’
294 1855 426 1914 discessu
448 1854 682 1915 luculentissime
706 1856 891 1932 apparuerit,
914 1857 1065 1917 versibus:

389 1982 431 2040 43
455 1978 550 2038 Flesti
572 1979 747 2040 discedens.
763 2024 792 2040 ..

389 2089 430 2146 45
454 2085 496 2145 Et
518 2087 598 2146 flesti
621 2091 652 2147 et
674 2091 792 2147 nostros
815 2087 918 2148 vidisti
940 2088 1045 2148 flentes
1069 2089 1190 2148 ocellos:

508 2194 681 2254 MIscuimus
704 2195 843 2255 lacrimas
865 2198 998 2255 maestus
1021 2198 1149 2272 uterque
1171 2213 1249 2255 suas.

461 2301 529 2360 Non
552 2301 595 2360 sic
618 2301 763 2377 adpositis
786 2303 915 2362 vincitur
936 2302 1051 2361 vitibus
1073 2302 1184 2377 ulmus,

507 2405 552 2466 Ut
573 2411 627 2466 tua
649 2410 719 2466 sunt
742 2408 817 2468 collo
840 2407 962 2467 brachia
983 2426 1059 2468 nexa
1081 2427 1156 2468 meo.

296 2531 379 2602 Quae
401 2531 514 2592 inserta
537 2533 608 2612 sunt
630 2531 723 2592 verba

509 2658 551 2716 43
576 2656 697 2718 ...hoc
720 2657 828 2718 saltem
850 2677 938 2734 parce
962 2676 1084 2734 negare:

508 2763 676 2824 Praeterito
699 2765 795 2842 magis
813 2768 865 2848 1661
887 2765 944 2824 1616
967 2762 1122 2841 pudendus
1145 2783 1238 2844 amor,

296 2888 349 2946 illa
372 2907 431 2946 non
454 2888 536 2946 aliud
559 2889 617 2948 nisi
639 2889 748 2965 duplex
770 2890 958 2965 parenthesis
976 2889 1082 2949 haberi
1099 2891 1233 2964 possunt,
1256 2909 1331 2966 quae
1351 2909 1415 2949 ora·

175 3059 185 3078 .
296 2994 371 3052 tioni
395 2993 609 3070 cogitationem
631 2995 754 3056 minime
777 2999 880 3071 aptam
900 3014 934 3054 ao
952 2996 1039 3072 plane
1059 2996 1187 3056 alienam
1210 2995 1302 3056 addit.
1338 2997 1415 3058 Nam

296 3118 391 3176 neque
415 3102 505 3160 antea
528 3099 640 3161 dictum
663 3104 710 3160 est
733 3101 872 3160 Paridem
895 3099 1031 3161 Oenones
1055 3101 1164 3161 amoris
1186 3101 1341 3179 puduisse,
1367 3122 1416 3162 ne·

296 3225 353 3282 que
376 3206 441 3266 ulla
459 3211 546 3280 extat
569 3227 671 3284 causa,
698 3227 750 3268 cur
772 3209 829 3267 hoc
851 3209 915 3268 loco
938 3210 1061 3284 1666116
1085 3206 1221 3268 Oenones
1244 3228 1328 3268 amor
1351 3230 1417 3270 oum

296 3312 430 3372 Helenae
454 3321 650 3392 comparetur.
688 3314 746 3386 Oui
768 3334 840 3376 vero
863 3315 949 3374 nobis
970 3315 1150 3392 persuadere
1171 3334 1328 3391 possumus
1346 3336 1418 3392 poe-

296 3423 369 3491 tam,
387 3423 422 3479 ut
441 3420 472 3478 in
489 3420 549 3480 illis
562 3421 603 3502 ¹fit
620 3421 729 3497 verbis,
749 3397 890 3480 Oenonen
903 3420 1043 3482 inducere
1061 3418 1193 3479 uoluisse
1212 3420 1299 3480 claris
1318 3421 1417 3481 verbis

297 3524 517 3602 concedentem,
541 3526 680 3586 Paridem
697 3527 792 3602 ipsius
811 3546 899 3604 posse
916 3527 1048 3604 pudere?
1072 3545 1139 3587 oum
1156 3529 1263 3604 postea
1283 3528 1356 3590 haec
1373 3528 1419 3588 illi

297 3632 389 3692 verba
412 3633 582 3709 assignaret
605 3627 646 3714 (v.
662 3635 703 3694 83
720 3625 791 3716 sq.):

384 3756 452 3816 Non
474 3759 576 3819 tamen
598 3761 634 3817 ut
655 3757 794 3818 Priamus
817 3756 967 3834 nymphae
992 3775 1074 3818 socer
1097 3777 1162 3818 6666
1185 3760 1315 3833 recuset,

429 3863 493 3922 Aut
516 3862 656 3923 Hecubae
679 3864 789 3924 fuerim
812 3864 1027 3924 dissimulanda
1049 3883 1151 3924 nurus.

384 3967 543 4044 Dignaque
567 3986 633 4028 sum
655 3971 794 4046 6161616
817 3970 881 4028 fieri
904 3970 1210 4046 1161161666161116,

431 4073 508 4134 Sunt
530 4074 604 4134 111111
627 4094 701 4152 quas
723 4077 840 4153 possiut
862 4081 981 4154 sceptra
1005 4078 1109 4138 decere
1131 4093 1245 4136 manus.

386 4200 502 4260 Deletis
529 4199 624 4276 igitur
649 4195 797 4279 144145
825 4202 898 4262 haec
925 4204 1021 4262 restat
1050 4200 1237 4276 parenthesis
1264 4202 1419 4278 aptissima

298 4301 366 4370 ‘hoc
389 4308 497 4368 saltem
514 4325 604 4384 paroc
621 4301 743 4386 negare'
762 4303 839 4390 (scil.
858 4315 890 4372 te
907 4302 1050 4391 flevisse),
1072 4327 1147 4386 quae
1167 4310 1230 4370 6116
1249 4309 1340 4380 dubio
1358 4307 1418 4366 fuit
