3206 4928
681 382 895 445 *67-

225 565 306 627 dicit
349 565 499 641 Scriptum
518 564 597 623 enim
615 562 752 625 videmus
776 582 804 625 v.
824 565 865 624 39
890 558 979 625 ‘sicut
999 568 1138 641 oporteat
1156 559 1248 641 ercu'‚
1267 566 1350 626 cuius

224 672 372 732 enuntiati
395 690 451 731 vox
473 664 567 730 ‘arcu’
587 670 714 730 maxime
732 673 857 748 propter
875 671 1044 746 proximum
1063 665 1238 734 ‘missilibus
1258 666 1350 742 telis'‚

223 798 351 856 quocum
368 799 429 840 non
446 778 645 856 coniungitur,
665 777 861 854 suspicionem
881 782 990 839 movet.
1023 779 1126 856 Neque
1145 771 1350 840 coniunctivus

223 887 299 946 bene
316 886 512 965 intellegitur.
561 884 694 962 Cumque
717 905 754 945 ne
772 885 839 966 ipsa
856 885 976 962 quidem
997 887 1079 946 notio
1098 881 1268 963 ‘oportere'4
1291 905 1350 964 qno

221 994 287 1052 iure
301 995 439 1069 ponatur,
453 991 645 1052 menifestum
660 990 708 1067 sit,
722 991 760 1050 ab
769 991 985 1068 interpolatore
997 992 1101 1068 'aliquo
1110 996 1275 1054 tractatum
1283 1011 1349 1053 vcr-

223 1119 290 1160 sum
303 1117 369 1160 esse
382 1102 464 1175 puto.
493 1097 570 1169 Quid
584 1100 673 1158 entes
687 1098 831 1174 scriptum
843 1098 943 1174 fuerit,
962 1101 1043 1158 certo
1057 1099 1162 1160 coniici
1175 1101 1226 1160 vix
1240 1101 1349 1177 potest.

172 1199 174 1202 ’
312 1206 348 1266 In
369 1224 397 1265 v.
417 1207 459 1266 53
478 1205 607 1265 fortusse
631 1204 801 1282 accipienda
824 1209 871 1266 est
893 1205 1012 1266 Francii
1035 1207 1205 1268 coniectura
1228 1201 1270 1270 ‘in
1293 1226 1349 1268 ure-

225 1317 283 1375 die‘s
309 1330 476 1374 nemorosae
502 1311 632 1372 vallibus
660 1306 753 1387 Μεθ’,
781 1311 860 1388 quod
885 1313 983 1390 magis
1005 1313 1121 1389 poetico
1145 1315 1274 1375 sermoni
1297 1334 1348 1392 cp·

222 1426 288 1483 tum
318 1439 383 1481 esse
413 1419 533 1479 videtur
565 1412 616 1496 (cl.
645 1437 671 1478 e.
691 1438 717 1478 s.
741 1418 769 1496 1,
789 1411 878 1500 289).
928 1420 1032 1496 Neque
1065 1419 1182 1496 dubito,
1217 1420 1289 1498 quin
1317 1422 1349 1481 in

223 1549 250 1590 v.
266 1532 309 1590 60
331 1528 449 1588 collutis
472 1547 530 1588 unu
548 1527 589 1606 II,
609 1529 638 1604 2,
655 1529 711 1602 203
737 1525 820 1586 Fest.
839 1525 895 1603 111,
916 1528 979 1586 662
1004 1527 1041 1588 ul.
1060 1526 1079 1586 l.
1103 1545 1175 1588 vere
1197 1528 1286 1588 lectio
1310 1529 1348 1589 nb

223 1635 347 1696 Heinsio
370 1635 494 1694 invente
517 1633 556 1693 sit
580 1627 657 1694 ‘veri
679 1633 728 1692 vix
745 1631 889 1692 habiture
905 1627 1006 1691 fidem'
1025 1651 1079 1710 pro
1099 1635 1248 1710 particule
1267 1637 1348 1696 certe

225 1743 304 1802 falsu
335 1736 438 1817 ‘vero’‚
465 1759 556 1818 quem
587 1740 734 1817 praebent
765 1738 843 1798 libri.
897 1738 1035 1816 Itemque
1065 1739 1097 1799 in
1128 1760 1155 1800 v.
1181 1743 1221 1802 ‘15
1255 1761 1346 1802 unum

226 1848 305 1925 quod
323 1847 465 1908 Heinsius
488 1846 616 1908 correxit
640 1841 801 1922 ‘queretur’
826 1839 876 1928 (cf.
892 1866 936 1923 ep.
955 1845 1036 1922 XIV,
1057 1848 1113 1925 823
1136 1847 1247 1925 XVIII,
1270 1851 1346 1924 1353

223 1974 295 2016 rem.
319 1973 376 2016 em.
402 1948 481 2036 644)
509 1974 545 2014 cx
572 1957 639 2016 tote
665 1953 725 2014 loci
754 1953 904 2015 sententie
934 1972 1040 2014 senum
1066 1954 1192 2031 praebet
1220 1965 1347 2033 sensum,

221 2082 282 2122 non
308 2083 366 2140 quo
394 2062 518 2123 verendi
545 2063 671 2122 verbum
698 2079 766 2121 cum
794 2050 963 2122 accusativo
986 2065 1019 2121 et
1041 2061 1186 2121 infinitivo
1209 2063 1348 2142 coniungi

221 2189 330 2247 negem
358 2164 409 2248 (cf.
434 2169 484 2228 Tr.
503 2169 526 2244 Ι,
548 2169 674 2248 1,124;
702 2168 734 2228 F.
753 2168 777 2242 I,
797 2160 891 2249 267),
919 2167 971 2228 sed
998 2168 1068 2244 quie
1091 2167 1177 2228 Paris
1205 2171 1346 2244 quoniam

222 2278 304 2334 certo
324 2275 437 2336 sciebat
454 2293 514 2334 non
532 2293 619 2351 posse
640 2292 742 2334 omnes
761 2274 878 2334 vincere
897 2274 953 2334 boc
971 2293 1031 2334 non
1048 2279 1175 2350 emetur,
1194 2275 1247 2335 scd
1266 2278 1346 2338 delet.

223 2381 363 2445 Orte'est
380 2383 510 2444 fortusse
528 2381 698 2458 corruptele
715 2381 793 2456 inde,
812 2380 891 2458 quod
905 2381 936 2443 iu
954 2381 1054 2442 codice
1069 2382 1198 2458 quodem
1216 2385 1269 2444 eut
1286 2403 1347 2444 une

222 2489 326 2550 littere
344 2489 466 2551 evanuit
485 2490 535 2548 vel
553 2489 663 2549 emisse
677 2490 724 2549 est
738 2491 791 2548 eut
806 2488 951 2565 seripbim
965 2492 1030 2550 eret
1043 2491 1271 2564 iudeequueber
1285 2493 1345 2568 syl·

223 2598 292 2658 labe
305 2616 359 2673 que
373 2599 466 2657 semel
479 2600 598 2658 tentum
613 2595 733 2672 scripte,
747 2598 782 2656 ut
795 2595 882 2656 facile
896 2595 957 2674 legi
971 2599 1075 2672 posset
1088 2598 1200 2672 tudere.
1214 2601 1345 2660 uerebar.

310 2704 347 2763 In
369 2723 397 2765 v.
419 2708 480 2767 118
510 2700 699 2763 scribendum
726 2720 791 2762 esse
819 2703 933 2763 lubebat
959 2702 1067 2762 docent
1092 2704 1229 2779 proxime
1251 2705 1345 2764 verbe.

221 2829 286 2871 mee
312 2816 387 2873 eote.
433 2809 611 2887 Comuptele
643 2810 738 2888 igitur
769 2813 815 2870 est
846 2811 974 2884 iubebat,
1006 2809 1086 2885 quod
1117 2809 1209 2870 hebet
1236 2810 1344 2888 fragm.

222 2917 333 2994 Peull„
365 2921 397 2978 et
429 2919 600 2978 coniectura
632 2917 796 2978 editionum
827 2917 917 2976 lectio
948 2917 1075 2978 iubetur.
1127 2917 1226 2994 Atque
1254 2920 1344 2980 etiem

221 3024 300 3100 quod
327 3023 359 3083 in
385 3044 412 3084 v.
434 3027 496 3085 136
524 3025 669 3102 praebent
702 3024 847 3084 editiones
879 3025 993 3100 primes
1020 3027 1178 3086 irueuur'sse
1204 3026 1345 3086 mendum

221 3131 341 3192 videtur
368 3149 447 3208 esse,
474 3149 542 3192 cnm
570 3132 677 3209 fragm.
701 3131 799 3192 Peull.
825 3131 1026 3193 coniecturum
1048 3132 1161 3192 hebeat
1182 3134 1344 3210 erubuere,

221 3257 297 3315 queo
323 3236 443 3314 quidem
469 3235 573 3297 dubito
601 3255 640 3297 un
663 3237 777 3312 Micylli
805 3237 926 3298 invento
954 3240 1125 3298 iuteuuutsse
1147 3238 1344 3314 praeferende
1445 3229 1461 3240 ’

221 3345 269 3406 sit.
302 3344 417 3422 Augcri
436 3361 507 3404 sene
525 3346 652 3418 possunt
669 3342 701 3401 hi
715 3343 784 3404 loci:
803 3345 887 3404 velut
901 3362 959 3403 non
984 3342 1097 3419 dubito,
1116 3343 1189 3420 quin
1204 3345 1343 3404 Heinsius

221 3455 302 3512 recte
324 3449 492 3511 restituerit
514 3449 546 3508 in
568 3469 596 3510 v.
615 3429 657 3510 36
675 3449 828 3524 pulchrior
850 3453 918 3524 besu
940 3443 1008 3530 (pro
1027 3443 1102 3531 illu),
1128 3451 1192 3509 120
1204 3453 1261 3526 piu
1278 3469 1344 3512 ecee

222 3550 415 3639 (cicerone),
442 3559 473 3618 et
501 3577 528 3618 v.
548 3558 590 3617 50
619 3531 808 3616 scribendum
832 3555 872 3617 sit
894 3546 1036 3630 utererque
1059 3561 1099 3616 est
1121 3549 1190 3633 (pro
1213 3561 1246 3616 ut
1266 3575 1344 3618 uuuc

221 3656 285 3745 est),
309 3663 362 3723 sed
383 3682 420 3722 ne
443 3682 547 3724 versus
569 3682 678 3741 preuos
702 3651 901 3740 elegantiores
920 3662 1043 3723 reddere
1062 3662 1166 3724 videar
1184 3663 1342 3742 studuisse,

146 3773 151 3784 '
220 3771 275 3832 bos
302 3789 377 3849 quos
404 3772 483 3831 inter
511 3789 613 3830 omnes
635 3774 754 3832 constet
776 3771 856 3831 locos
880 3773 1037 3846 corruptos
1060 3788 1126 3831 esse
1150 3771 1223 3832 setis
1246 3772 1341 3836 hebeo

220 3880 367 3940 attulisse.
412 3878 525 3938 Audies
546 3879 635 3954 plura
658 3881 748 3954 atque
772 3877 864 3938 etiem
886 3877 1034 3954 graviore.

309 3985 384 4046 Post
407 4006 434 4046 u.
454 3987 497 4047 50
520 3983 663 4048 excidisse
687 3985 845 4044 nonnullos
869 4003 982 4061 versus,
1006 3984 1113 4061 quibus
1132 3984 1218 4044 Paris
1242 4003 1273 4046 se
1292 4004 1340 4045 ex·

222 4091 354 4168 positum
377 4095 409 4153 et
430 4111 449 4152 e
470 4090 642 4174 pastoribus
665 4091 823 4152 educatum
847 4109 912 4152 csse
934 4091 1115 4169 narraverit,
1139 4091 1208 4151 inde
1231 4110 1249 4151 e
1273 4091 1342 4154 Sce-

220 4197 316 4277 ligero
349 4197 388 4258 cb
419 4198 588 4258 hominibus
621 4197 715 4258 doctis
747 4217 801 4274 pro
834 4201 915 4259 certo
943 4198 1081 4260 hebetur.
1129 4197 1235 4276 Neque
1263 4199 1341 4257 enim

221 4305 316 4367 stetui
337 4323 425 4384 posse
448 4307 522 4384 puto
544 4309 673 4384 postem,
695 4305 775 4384 quod
796 4305 872 4365 nihil
894 4305 952 4366 nisi
974 4305 1073 4384 cupite
1096 4324 1197 4365 rerum
1215 4323 1340 4368 comme·

1090 4405 1126 4460 ὅ*
1171 4439 1174 4450 .
