3206 4928
584 412 905 477 '-13-

185 643 187 646 .
237 589 296 657 (ure
315 589 377 657 m.);
400 591 434 642 95
458 603 541 643 voces
565 589 705 659 (vocem);
732 594 781 644 123
802 587 915 658 cupiere
933 587 1059 657 (coiere);
1086 593 1135 642 139
1154 587 1178 642 si
1197 588 1281 658 (sed);
1307 594 1357 643 147

240 679 327 746 utque
345 677 425 732 iuvat
443 692 590 746 remusque
608 677 672 730 tuas
687 678 841 746 ventusque
855 676 964 730 carinas
980 676 1021 743 (Ε.
1036 675 1123 744 utque
1137 675 1235 730 iurent
1249 677 1360 732 ventus-

240 781 294 834 que
312 767 377 820 tues
396 781 542 834 remusque
565 755 688 833 carinam
711 765 766 835 leg.
789 767 876 834 utque
899 764 971 820 latet
992 762 1120 833 vitatque
1143 766 1207 820 tuas
1230 765 1361 821 abstrusa

240 854 368 924 cerines).
913 850 917 858 '

207 1034 209 1041 Ι
325 952 382 1012 His
411 953 484 1012 satis
513 953 591 1013 effici
611 955 685 1030 puto
708 951 828 1013 fluxisse
851 952 982 1012 codicem
1005 950 1177 1013 Gissensem
1200 970 1237 1010 ex
1259 953 1361 1012 arche·

214 1061 319 1136 typo,
342 1059 394 1135 qui
416 1079 476 1119 nou
497 1061 597 1120 minus
621 1060 783 1121 secundum
800 1059 960 1119 Etouensis
981 1079 1071 1137 quam
1090 1057 1251 1118 secundum
1270 1058 1375 1119 Guel·'

236 1166 388 1242 ferbyteni
420 1167 606 1227 recensiones
639 1186 730 1244 opera
756 1168 816 1228 levi
844 1171 875 1227 et
902 1167 1083 1227 inconstanti
1110 1169 1258 1226 tractatus
1286 1169 1360 1226 erat.

236 1272 336 1349 Atque
359 1273 432 1332 haee
456 1274 605 1334 sententia
628 1275 719 1334 etiam
742 1273 936 1334 confirmatur
960 1293 995 1334 ea
1017 1293 1063 1353 re,
1089 1273 1168 1351 quod
1191 1273 1264 1333 locis
1287 1292 1358 1333 non·

235 1379 326 1439 nullis
349 1380 473 1439 alterius
494 1381 565 1442 libri
583 1381 731 1457 scriptura
749 1381 829 1440 inter
846 1382 939 1442 verba
957 1384 1064 1456 poetae
1083 1383 1212 1457 recepta,
1235 1380 1359 1440 alterius

236 1488 290 1544 aut
312 1503 401 1562 supra
425 1488 536 1565 scripte
559 1489 666 1548 autin
688 1488 823 1566 margine
851 1489 889 1548 ab
915 1486 1019 1548 cedem
1042 1488 1172 1548 forte-sse
1195 1507 1286 1547 mauu
1308 1486 1359 1547 ad·

234 1595 339 1652 notate
361 1594 482 1670 legitur.
507 1627 546 1637 -·
572 1596 665 1672 Velut
688 1596 711 1672 Ι,
735 1597 776 1656 36
802 1595 921 1671 scripsit
943 1593 1063 1671 quidem
1086 1595 1227 1654 librarius
1251 1588 1360 1654 ‘alacer

235 1694 359 1777 missos',
382 1703 517 1761 ettamen
534 1702 566 1762 in
583 1701 719 1779 margine
737 1703 966 1778 interpretatur:
991 1695 1080 1762 ‘lacer
1103 1695 1265 1762 admissos’.
1306 1701 1359 1777 IV,

238 1808 299 1865 161
316 1806 428 1884 legitur
443 1802 609 1888 ‘meorum',
629 1812 660 1868 et
675 1827 765 1886 supra
781 1808 925 1885 scriptum
940 1812 986 1878 est
1000 1809 1038 1868 ab
1053 1809 1165 1886 eedem,
1184 1812 1219 1868 ut
1231 1808 1359 1885 ridetur,

235 1931 325 1972 manu
349 1907 379 1972 ‘l’
402 1909 531 1991 piorum'
555 1935 630 1993 quae
654 1920 701 1976 est
723 1915 831 1976 codicis
856 1915 891 1976 G.
913 1917 1091 1992 corruptele.
1127 1915 1263 1992 Itemque
1283 1916 1319 1992 V,
1340 1918 1358 1975 6

236 2039 326 2097 supra
345 2015 457 2099 ‘quod’,
476 2022 619 2100 scriptum
639 2027 685 2084 est
704 2017 807 2100 ‘quid'‚
825 2023 934 2084 codicis
953 2021 989 2083 (i.
1006 2023 1102 2084 lectio.
1139 2021 1191 2098 vl,
1211 2024 1251 2083 41
1272 2042 1357 2098 prae·

235 2129 288 2188 bet
313 2122 378 2188 ‘tec
401 2123 495 2207 mihi',
522 2130 630 2191 codicis
653 2131 687 2194 Ε.
712 2134 743 2190 et
766 2130 801 2191 G.
824 2130 913 2191 lectio
942 2124 1017 2189 ‘ubi’
1046 2147 1136 2205 supra
1164 2128 1276 2205 scripte
1304 2133 1358 2189 est.

235 2239 269 2311 V,
289 2238 329 2295 69
350 2236 459 2296 codicis
480 2237 515 2297 Ε.
534 2237 682 2313 scriptura
704 2231 868 2297 ‘morabor’
892 2239 1017 2313 apparet
1035 2236 1066 2294 in
1084 2235 1227 2311 marginis
1245 2236 1358 2312 glosse-

234 2335 347 2423 mate¹)
370 2342 402 2402 iu
424 2346 509 2404 textu
533 2338 703 2404 ‘morabar'
745 2344 781 2420 V,
804 2347 867 2404 110
891 2346 975 2404 extat
997 2337 1132 2418 ‘volant'‚
1155 2342 1240 2404 utin
1259 2341 1303 2418 G.,
1328 2346 1359 2402 et

236 2469 326 2525 supra
345 2450 488 2526 scriptum
508 2455 553 2511 est
573 2445 715 2528 ‘cadunt',
734 2453 813 2529 quod
831 2452 863 2512 in
880 2451 915 2514 E.
933 2455 988 2512 cst.
1020 2451 1156 2527 Itemque
1175 2448 1228 2526 VI,
1244 2443 1357 2510 20111-

234 2551 315 2616 tura'
335 2561 366 2618 et
385 2551 527 2634 ‘recepta'
547 2562 705 2636 apparent5
724 2558 777 2636 VI,
796 2561 841 2619 40
860 2552 972 2634 ‘facte’,
990 2559 1070 2635 quod
1087 2558 1119 2616 in
1136 2557 1181 2633 Ε.,
1200 2557 1252 2617 sed
1271 2551 1359 2634 ‘suo'‚

235 2663 315 2740 quod
337 2665 369 2724 in
391 2665 427 2726 G.
446 2669 500 2726 est.
542 2666 643 2744 Atque
665 2666 803 2727 similiter
820 2667 889 2744 VII,
908 2669 949 2728 87
970 2659 1059 2726 ‘mea'
1079 2658 1143 2748 (E.)
1163 2669 1195 2725 et
1213 2659 1358 2724 ‘numine'

236 2763 301 2851 (G.)
324 2771 445 2849 legitur.

325 2880 430 2956 Itaque
457 2899 525 2939 cum
552 2880 702 2941 dissensu
731 2880 823 2940 codex
851 2880 996 2941 deductus
1024 2882 1064 2942 sit
1088 2900 1104 2939 θ
1127 2878 1358 2954 recensionibus,

235 3004 311 3062 quae
339 2987 413 3047 satis
441 2988 571 3048 vetustis
601 2988 820 3064 exemplaribus
847 2989 933 3049 nobis
961 2991 1239 3065 repraesentantur,
1268 2989 1357 3063 atque

172 3174 180 3186 1
234 3095 391 3168 praeterea
419 3094 549 3154 cuiusvis
576 3095 695 3172 generis
722 3095 837 3154 mendis
860 3099 950 3172 atque
974 3095 1150 3155 coniecturis
1173 3095 1283 3155 vilibus
1311 3113 1356 3152 re·

234 3198 331 3259 fertus
355 3201 395 3260 sit
416 3202 564 3278 plurimis,
586 3223 662 3279 quae
684 3221 745 3262 uon
768 3203 867 3262 omnia
888 3203 996 3262 codicis
1014 3202 1174 3263 Etoncnsis
1193 3201 1357 3261 recensioni

235 3306 330 3366 tribui
361 3310 500 3383 possunt:
533 3327 602 3367 eum
628 3310 740 3369 nullius
768 3309 859 3386 pretii
887 3328 951 3369 csse
979 3327 1093 3368 censeo.
1144 3309 1208 3368 Hac
1236 3328 1295 3368 una
1323 3327 1356 3366 re

236 3416 284 3473 vel
308 3415 430 3490 optimis
453 3418 589 3493 praestet
611 3416 706 3491 libris,
730 3416 809 3494 quod
833 3416 964 3476 servavit
986 3436 1014 3478 v.
1038 3411 1192 3496 11,18s19
1217 3417 1280 3475 sinc
1303 3417 1355 3475 du·

235 3521 285 3580 bio
308 3523 461 3597 genuinos.
506 3524 611 3601 Neque
635 3541 706 3584 vero
730 3524 811 3582 solus
834 3523 903 3583 illos
923 3524 1055 3600 erhibetr
1070 3527 1109 3582 ut
1128 3524 1221 3583 stetui
1238 3523 1357 3584 videtur

236 3645 254 3685 a
278 3626 472 3705 Sedlmayero
495 3625 529 3708 (l.
552 3649 576 3690 c.
598 3652 627 3706 p.
652 3622 719 3712 52).
765 3631 955 3691 Burmannus
978 3631 1098 3707 quidem
1121 3634 1153 3690 et
1175 3631 1302 3690 Jehuius
1325 3631 1357 3690 iu

161 3793 168 3800 ,
236 3734 416 3794 editionibus
438 3737 569 3812 plurium
587 3737 733 3797 librorum
751 3737 850 3798 varias
870 3737 1014 3797 adnotant
1032 3738 1175 3797 lectiones
1194 3739 1355 3798 eorundem

235 3861 385 3902 versuum.
436 3842 536 3920 Atque
563 3843 625 3902 iem
651 3845 683 3905 in
710 3844 773 3904 cod.
802 3843 950 3904 Gissensis
985 3844 1148 3920 archetypo
1181 3845 1255 3905 duos
1287 3847 1356 3905 illos
1406 3917 1407 3922 η

196 4029 198 4032 -
310 3999 335 4056 ll
363 3997 440 4050 Haec
473 3993 607 4066 marginis
634 3996 815 4065 glossemata,
850 4014 922 4067 quae
945 4014 995 4068 per
1021 3999 1113 4053 totum
1140 3997 1243 4052 librum
1270 3998 1355 4053 modo

237 4084 348 4152 saepius
380 4086 463 4141 modo
495 4085 585 4139 rarius
613 4085 784 4141 adnotantur
811 4086 962 4142 admodum
994 4086 1063 4142 vilia
1091 4090 1167 4153 sunt3
1204 4087 1355 4142 maximam

235 4175 347 4241 partem
365 4172 395 4227 in
414 4173 454 4229 eis
472 4173 602 4228 librarius
620 4189 703 4230 voces
721 4175 858 4243 quasdam
877 4176 1086 4246 interpretatur,
1104 4176 1150 4233 vel
1168 4175 1278 4230 fabulas
1293 4194 1355 4232 nar·

236 4263 294 4329 rat,
317 4262 362 4316 vel
381 4263 532 4318 summaria
549 4265 599 4318 dat
616 4262 815 4334 epistularum:
839 4264 933 4320 omnia
955 4265 1091 4335 puerilem
1109 4266 1139 4320 iu
1157 4265 1272 4320 modum
1291 4284 1354 4322 con·

237 4350 314 4406 fecta
332 4351 404 4406 sunt.
442 4351 476 4405 ci.
496 4351 611 4422 Dilthey
629 4352 647 4406 l.
667 4371 689 4408 c.
710 4372 736 4424 p.
756 4360 791 4408 60
809 4371 835 4408 n.
858 4361 881 4410 1.
