3206 4928
679 384 899 450 455-

222 567 370 632 notaticni
393 587 431 628 ne
455 586 513 628 uno
536 566 657 646 quidem
675 571 853 644 argumento
872 569 964 630 allato
983 568 1056 630 fides
1075 568 1244 647 derogetur,
1267 572 1349 630 certe

223 678 307 736 nulla
338 679 386 736 est
417 693 515 736 causa.
566 675 643 734 Sanc
676 674 806 734 editores
838 675 974 736 nonnulli
1005 675 1115 752 Angeli
1144 674 1249 736 Sabini
1276 676 1348 736 Itali

222 783 303 843 illius
332 802 407 844 saec.
430 781 485 841 XV
510 781 655 858 epistulas
682 784 746 841 tres
774 782 854 842 10101
877 781 1040 843 Ovidianas
1063 782 1207 858 epistulas
1230 801 1347 860 recepe·

221 893 292 950 runt
315 892 351 948 ut
373 888 444 951 Auli
468 888 572 948 Sabim
596 887 695 949 Ovidii
718 888 805 948 amici
833 889 978 964 carmina,
1000 888 1060 958 ¹sed
1089 909 1139 949 eos
1165 890 1221 949 hoo
1244 889 1275 948 in
1296 909 1347 968 ge·

223 1015 295 1056 nere
318 996 446 1057 lectores
469 996 604 1072 decipere
623 996 754 1056 00101000
773 996 842 1056 inde
861 996 962 1073 colligi
979 1015 1066 1072 posse
1085 1000 1168 1074 puto,
1191 997 1271 1075 quod
1288 1015 1348 1057 non

222 1103 344 1180 dicitur,
376 1102 428 1161 ubi
460 1102 608 1178 epistulae
640 1102 709 1162 illae
742 1102 804 1162 sint
829 1103 983 1180 1010010ος
1015 1103 1156 1162 nimirum
1183 1104 1263 1181 quod
1288 1123 1348 1164 nou

223 1211 327 1270 extant
349 1209 381 1268 in
404 1209 552 1270 codicibus
560 1202 594 1292 ¹).

310 1316 414 1393 Neque
438 1316 519 1376 aliud
543 1316 705 1394 quidquam
728 1314 1018 1392 0101010010010101
1036 1316 1104 1378 hoc:
1128 1317 1226 1377 redire
1245 1335 1347 1376 omnes

221 1424 315 1484 libros
338 1422 377 1483 ad
399 1423 551 1499 exemplar
575 1426 622 1484 sat
645 1423 809 1500 antiquum,
832 1422 912 1500 quod
935 1417 978 1484 ‘et
1001 1442 1068 1484 cum
1091 1423 1243 1500 integrum
1266 1427 1345 1486 essct

222 1534 253 1590 ct
280 1530 406 1589 duorum
434 1529 576 1589 foliorum
603 1528 719 1590 iactura
738 1508 777 1589 in
805 1529 863 1590 fine
895 1524 1057 1605 mutilum',
1090 1530 1272 1607 descriptum
1307 1529 1347 1590 sit

222 1632 362 1718 (Dilthey
395 1636 432 1696 de
457 1635 531 1695 (1011.
561 1633 634 1712 cys.
662 1657 690 1713 p.
717 1631 802 1717 135).
855 1636 904 1696 An
935 1639 970 1695 tu
997 1640 1086 1713 00100
1114 1637 1226 1697 Italum
1254 1637 1345 1697 versi·

225 1745 376 1805 ficatorem
409 1743 538 1820 primum
572 1742 756 1820 acquievisse
787 1743 818 1802 in
842 1740 964 1803 CXLIV
998 1735 1061 1824 (vel
1089 1737 1240 1825 cxxxn)
1263 1744 1345 1804 'solis

222 1850 359 1911 versibus
387 1849 610 1910 describendis?
639 1867 677 1908 an
704 1868 775 1909 1010
804 1849 946 1910 credibile
974 1848 1056 1909 ducis
1080 1867 1202 1925 operam
1225 1850 1262 1910 ab
1285 1851 1344 1910 alio

221 1959 370 2035 inceptam
393 1957 431 2017 ab
455 1955 513 2016 elio
536 1958 706 2032 pertextam
728 1955 814 2016 esse?
851 1957 955 2034 Neque
979 1957 1097 2016 saeculo
1116 1956 1187 2014 XIV
1205 1958 1253 2018 vel
1270 1957 1346 2016 XIII

222 2083 272 2125 eos
301 2065 423 2125 conflari
452 2063 587 2141 potuisse
614 2067 706 2140 patet.
755 2063 935 2124 Conticuere
963 2066 1045 2123 certe
1073 2063 1222 2141 quondam
1249 2065 1346 2125 voluit

221 2173 381 2250 epistulam
408 2171 547 2231 mutilam
573 2172 662 2231 homo
691 2171 812 2248 quidam
835 2171 946 2232 saeculi
968 2173 1003 2230 ut
1029 2170 1150 2230 videtur
1173 2170 1261 2248 XIII,
1285 2171 1345 2250 qui,

221 2298 311 2357 quam
337 2296 447 2354 pravos
474 2281 565 2354 atque
592 2278 720 2338 insulsos
748 2278 911 2338 versiculos
944 2277 972 2338 ei
999 2277 1187 2354 adnexuerit,
1216 2278 1294 2354 vide,
1318 2279 1344 2338 si

222 2387 335 2464 placet,
358 2385 437 2461 apud
461 2384 687 2461 Sedlmayerum
711 2376 800 2467 (prol.
816 2384 881 2446 0111.
895 2404 923 2461 p.
940 2377 1005 2466 77).

309 2493 409 2568 Atque
436 2511 541 2552 101000
567 2491 636 2552 illos
659 2511 719 2552 nou
742 2511 778 2553 01
801 2491 873 2552 Itali
895 2491 1020 2552 01100100
1045 2491 1163 2552 officina
1184 2491 1343 2569 profectos,

177 2599 187 2614 ”
220 2600 273 2661 sed
295 2598 441 2678 genuinos
465 2616 530 2659 0000
554 2598 717 2675 0010010110
740 2598 917 2658 confirmant
940 2601 1126 2676 argumenta.

309 2705 385 2767 Cum
417 2706 480 2766 sine
513 2705 603 2766 dubio
635 2705 774 2766 ultimam
805 2705 881 2764 hanc
913 2704 1087 2781 epistulam,
1119 2723 1187 2764 cum
1214 2705 1343 2781 primum

221 2811 369 2889 ederetur,
391 2812 528 2874 10101100
550 2811 714 2889 duodecim,
736 2812 894 2890 inquibus
917 2811 991 2870 nihil
1015 2829 1085 2870 sanc
1104 2811 1184 2871 inest
1201 2812 1258 2871 nisi
1275 2832 1342 2888 010-

221 2920 362 2996 oemium,
390 2921 560 2981 absolutam
587 2919 679 2980 fuisse
707 2938 795 2979 nemo
824 2919 881 2978 sibi
907 2937 1106 2996 persuasurus
1134 2918 1186 2995 011,
1214 2918 1343 2994 epistula

220 3046 314 3104 paene
336 3030 402 3087 tota
425 3026 581 3104 deperdita
603 3030 719 3086 ceteros
743 3046 847 3087 101000
868 3027 1021 3103 000010100
1041 3044 1106 3086 0000
1124 3025 1342 3085 renascentium

220 3134 391 3194 litterarum
414 3137 549 3209 tempore
572 3133 738 3208 putendum
762 3135 816 3192 001.
855 3133 898 3192 Α1
921 3131 979 3214 qui
994 3131 1107 3190 homiui
1129 3131 1210 3190 111100
1233 3132 1342 3192 aetatis

219 3241 356 3302 litterato
384 3239 574 3317 contigisset,
607 3242 642 3298 01
670 3238 806 3300 01111001
837 3238 996 3314 epistulam
1023 3237 1067 3297 ita
1093 3238 1281 3298 continuaret
1308 3259 1343 3299 ao

218 3348 388 3424 perficeret,
415 3349 451 3406 01
477 3346 511 3407 fit
542 3345 596 3405 illa
622 3351 720 3422 00110,
748 3363 837 3421 quam
866 3343 1007 3405 exhibent
1035 3343 1180 3404 editiones
1207 3345 1341 3420 primae?

220 3454 253 3513 Si
275 3457 482 3530 repeterentur
504 3456 536 3514 et
558 3451 812 3528 amplificarentur
829 3451 990 3512 maximam
1007 3454 1126 3527 partem
1149 3469 1193 3528 ea,
1216 3443 1292 3528 quae
1310 3452 1341 3512 iu

220 3559 319 3638 priore
355 3560 485 3636 epistula
515 3563 639 3621 narrata
672 3562 770 3635 erant,
803 3562 856 3618 aut
892 3557 969 3618 10100
1002 3557 1231 3618 adnecterentur
1262 3558 1340 3639 cogi-

219 3667 361 3743 tationes,
394 3667 497 3744 quales
525 3667 667 3728 facillime
694 3666 805 3744 fingere
833 3667 953 3742 poterat
981 3665 1030 3725 vel
1057 3665 1096 3741 is,
1128 3665 1180 3742 qui
1211 3665 1340 3742 fabulae,

178 3767 185 3778 ’
219 3794 309 3854 quam
332 3776 517 3834 tractaturus
545 3775 619 3846 0101,
641 3772 780 3832 notitiam
803 3772 854 3831 uni
878 3770 1025 3849 epistulae
1044 3769 1096 3832 Ov.
1116 3771 1185 3830 XIX
1209 3771 1340 3848 deberet,

292 3966 318 4033 1)
340 3963 370 4018 0.
384 3961 462 4018 JoJm
479 3959 509 4014 in
527 3959 656 4016 Zeitoolcr.
671 3961 691 4028 s.
707 3959 826 4015 Ait-W.
845 3977 870 4017 a.
891 3965 959 4015 1831
978 3977 1004 4030 0.
1020 3965 1062 4016 63.

291 4055 318 4118 2)
337 4050 408 4106 Sunt
425 4048 469 4106 illi
487 4065 583 4105 versus
602 4047 631 4104 iu
650 4048 746 4104 codice
760 4047 885 4104 Gissensi
903 4050 989 4118 atque
1007 4048 1187 4105 inveniuntur
1200 4048 1229 4103 in
1243 4065 1339 4104 reocn·
1439 4049 1443 4057 '

219 4139 336 4196 tissimis
360 4156 470 4210 qnoque
494 4137 674 4208 quibusdam,
698 4138 778 4194 10101
795 4138 825 4192 in
843 4137 904 4194 cod.
923 4139 1049 4195 Ambros.
1070 4137 1092 4192 Ο
1114 4144 1164 4194 138
1184 4138 1250 4208 Sup.
1265 4154 1337 4194 saec.
1442 4149 1445 4154 '

220 4229 269 4284 XV
293 4227 389 4298 paullo
412 4227 515 4283 mutati
536 4244 554 4282 0
576 4225 731 4284 recentiore
755 4243 840 4282 manu
862 4229 894 4282 ut
918 4226 1047 4282 occdioe
1067 4225 1162 4296 aliquo
1181 4224 1337 4298 antiquiore

218 4315 324 4388 sumpti
341 4314 432 4372 additi
450 4318 523 4373 sunt.
