3206 4928
698 410 915 474 ..14..

246 611 350 654 versus
382 591 476 652 fuisse
508 591 577 652 inde
605 593 742 654 concludi
773 611 860 670 pesse
888 597 975 670 pute,
1007 593 1087 670 quod
1114 598 1146 654 et
1176 593 1208 654 in
1236 591 1368 656 Gissensi

244 701 324 760 inter
340 704 447 778 poetae
470 699 564 762 verba
586 700 699 777 recepti
723 703 792 761 sunt
814 720 910 778 neque
933 701 965 760 in
986 701 1132 780 margine,
1154 701 1233 762 unde
1256 703 1369 778 sumpti
1433 779 1437 786 ι

245 809 317 884 sint,
355 807 524 870 adnotatur.
579 807 683 868 Liceat
724 809 780 867 hcc
813 809 947 885 exemplo
980 809 1141 868 illustrare.
1193 806 1229 866 Iu
1260 811 1369 884 quarta
1411 857 1413 862 .

244 915 365 992 quidem
398 916 527 992 epistula
556 919 625 993 pest
651 935 681 978 v.
707 917 768 976 132
794 909 974 997 Gisaensis¹)
1002 915 1137 994 spurium
1172 915 1297 991 praebet
1324 915 1367 973 di-

244 1022 369 1097 stichon,
394 1023 473 1100 quod
495 1023 527 1082 in
550 1022 616 1082 aliis
640 1041 757 1098 quoque
777 1026 824 1083 est
842 1023 1057 1084 recentioribus
1075 1021 1169 1098 libris,
1193 1024 1314 1081 etcum
1337 1022 1369 1080 in

243 1130 377 1206 margine
405 1129 509 1189 eadem
537 1147 641 1190 manus
670 1129 805 1190 adnotet:
839 1123 895 1188 ‘illi
928 1130 987 1190 duo
1015 1148 1119 1190 versus
1146 1147 1207 1188 nou
1234 1132 1304 1188 sunt
1330 1128 1367 1188 de

243 1229 350 1312 textu',
363 1235 598 1296 concludendum
612 1239 659 1296 est
673 1254 724 1295 ecs
738 1235 770 1294 in
781 1235 915 1314 margine
925 1235 1091 1314 adscriptos
1099 1234 1195 1294 fuisse
1203 1236 1368 1314 archetypi,

336 1343 498 1403 Sedtamen
524 1343 592 1402 inde
619 1342 698 1419 qued
726 1342 835 1402 adsunt
863 1341 921 1402 duc
944 1342 990 1402 'rIli
1011 1361 1116 1402 versus
1139 1343 1171 1402 in
1193 1342 1260 1403 aliis
1283 1343 1368 1402 libris

243 1451 419 1528 plerumque
449 1450 563 1528 omissi,
595 1448 825 1526 haudquaquam
858 1449 1074 1526 praestantiam
1101 1449 1233 1527 aliquam
1260 1450 1368 1510 codicis

244 1556 393 1620 Gisaensis
431 1557 533 1618 eiusve
561 1557 717 1634 archetypi
747 1556 888 1634 colligere
917 1557 996 1618 licet.
1042 1557 1137 1616 Immo
1165 1558 1233 1616 cum
1260 1556 1367 1617 codicis

245 1663 393 1724 Gissensis
412 1665 528 1725 fontem
547 1663 708 1724 secundum
726 1665 801 1724 ahos
820 1664 913 1724 libros
933 1683 998 1726 esse
1016 1667 1183 1724 correctum
1196 1663 1367 1742 viderimua

245 1771 407 1830 maximam
433 1771 526 1832 habet
552 1771 617 1830 veri
644 1771 774 1847 speciem
803 1770 876 1830 duos
903 1771 973 1830 illos
1000 1789 1104 1831 versus
1133 1765 1179 1852 (II
1200 1764 1309 1852 laha)
1336 1771 1368 1831 in

245 1877 323 1938 Iibro
345 1878 446 1956 aliquo
468 1879 634 1939 vetustiora
656 1878 736 1938 forte
758 1878 896 1938 inventos
920 1881 951 1938 et
973 1877 1041 1938 inde
1065 1891 1129 1939 esee¹
1153 1879 1328 1954 adscriptus.

332 1986 369 2044 In
391 1989 559 2050 ceterorum
582 1986 736 2062 librorum,
760 2003 835 2061 quos
860 1983 1072 2062 Sedlmayerus
1095 1986 1218 2062 propius
1245 1987 1283 2044 ad
1308 1986 1367 2044 Pu-

243 2095 385 2152 ‘teancum
416 2093 547 2153 codicem
576 2094 715 2152 accedere
743 2093 792 2152 vel
819 2111 836 2150 e
863 2093 1029 2152 vetustiore
1057 2093 1109 2152 illo
1137 2093 1220 2153 fonte
1248 2093 1368 2152 fluxisse
1448 2107 1451 2116 “

244 2203 357 2275 censet,
380 2200 511 2261 rationes
534 2201 684 2279 inquirere
707 2218 768 2258 uon
789 2218 920 2275 possum.

333 2306 495 2367 Sedtamen
517 2327 584 2368 eum
607 2326 681 2384 quas
705 2326 741 2365 ex
763 2307 834 2366 illis·
848 2307 938 2366 affert
954 2306 1093 2366 meliores
1112 2326 1202 2383 quam
1220 2307 1368 2367 Puteanei

243 2414 337 2491 ipsius
361 2415 517 2492 lectiones,
545 2415 587 2474 eis
614 2433 674 2474 uon
701 2413 845 2472 maiorem
871 2414 1082 2474 auctoritatem
1105 2432 1170 2474 esse
1193 2434 1283 2490 quam
1306 2414 1366 2473 edi-

243 2526 344 2582 torum
367 2522 543 2582 coniecturis
566 2524 679 2598 pateat,
702 2520 739 2580 de
763 2521 912 2581 sententia
935 2521 998 2581 eius
1021 2523 1150 2582 multum
1172 2521 1367 2582 dubitationis

244 2630 431 2706 relinquitur.

221 2743 222 2747 ’
333 2738 433 2813 Atque
462 2737 549 2812 adeo,
577 2756 644 2795 cum
668 2736 760 2808 semel
783 2735 871 2796 valde
895 2735 964 2794 falsi
988 2736 1080 2796 simus
1103 2735 1267 2796 Leersiana
1290 2735 1367 2796 Giss.

244 2845 416 2922 collatione,
446 2861 567 2904 causam
595 2861 660 2903 esse
687 2845 775 2920 pute,
807 2861 859 2900 cnr
886 2841 1069 2918 dubitemus,
1100 2860 1172 2900 num
1199 2843 1257 2901 hae
1284 2844 1366 2918 ipsae

321 3017 348 3084 1)
368 3014 518 3070 Praeterea
544 3014 615 3068 haec
640 3013 728 3068 habet
751 3013 908 3068 recentiora
931 3013 1052 3068 disticha
1079 3011 1187 3082 spuria:
1210 3011 1281 3066 illud
1303 3013 1369 3081 poet

221 3109 222 3116 ’
246 3104 279 3174 V,
299 3111 347 3174 22,
371 3104 447 3173 quod
470 3119 504 3158 ex
527 3101 661 3157 Etcnensi
683 3102 775 3169 fluxit,
800 3118 968 3171 quamquam
991 3102 1046 3156 tria
1069 3101 1145 3156 illius
1167 3101 1249 3156 initia
1272 3100 1368 3171 spuria
1421 3170 1426 3180 Ι

245 3193 279 3263 V,
293 3193 344 3261 VI,
356 3193 408 3248 VII
426 3209 482 3247 non
500 3191 630 3262 praehet3
649 3192 710 3259 VII,
724 3197 767 3262 24,
782 3197 830 3259 253
848 3192 913 3264 post
931 3191 990 3259 Vll,
1006 3198 1039 3246 97
1059 3191 1089 3246 in
1102 3190 1229 3260 margine
1244 3189 1367 3260 adscrip-

243 3284 304 3335 tum
328 3283 371 3336 est
392 3284 491 3336 notum
514 3281 585 3336 illud
614 3280 766 3348 distichon,
796 3279 907 3349 aliaque
932 3296 1004 3348 qnae
1032 3279 1145 3336 exhibet
1169 3279 1367 3348 Sedlmayerus

245 3372 275 3442 (l.
290 3387 313 3426 c.
328 3389 355 3440 p.
372 3377 405 3425 69
421 3372 481 3439 sq).
518 3369 640 3438 Deinde,
665 3370 738 3438 quod
763 3371 858 3426 extare
882 3367 981 3424 inille
1000 3369 1123 3424 nondum
1142 3367 1277 3438 innotuit,
1301 3370 1368 3438 post

245 3461 291 3529 IX,
307 3467 340 3516 82
360 3462 427 3516 hoc:

387 3551 514 3618 Dumque
532 3566 614 3620 paras
633 3549 757 3618 veniam,
775 3549 867 3618 pudor
885 3553 915 3603 a!
936 3545 1055 3602 celanda
1074 3562 1214 3614 recenses3

426 3638 499 3694 Ante
517 3639 604 3709 pedes
623 3637 753 3692 dominae
771 3636 950 3708 percubuisse
968 3637 1041 3690 tuae.

245 3731 330 3797 atque
345 3747 431 3783 unum
446 3728 531 3798 quod,
551 3745 614 3782 cum
629 3726 704 3797 apud
718 3725 863 3781 Lcereium
878 3725 1037 3792 adnotetur,
1052 3724 1186 3781 omissum
1200 3727 1243 3780 eet
1255 3741 1273 3778 a
1288 3724 1365 3780 Sedl-

244 3834 370 3888 mayer03
388 3819 454 3888 post
471 3817 563 3886 XVII,
577 3825 606 3872 2:

388 3907 478 3972 Quam
497 3921 626 3975 cuperem
646 3905 756 3974 solitas,
774 3905 863 3973 Hero,
881 3903 935 3958 tibi
953 3906 1026 3960 ferre
1044 3921 1095 3976 per
1112 3904 1214 3971 undae,

341 3981 342 3984 Ἴ
381 3991 384 3998 ’
424 3995 530 4065 Accipe
548 3994 682 4063 Leandri,
702 3995 768 4049 dum
787 3993 865 4049 venit
882 3993 954 4064 ipse,
973 4011 1096 4049 manum.

244 4087 288 4142 En
306 4105 410 4144 nevum
427 4086 479 4140 illc
498 4084 621 4140 disticho
639 4101 683 4155 ep.
698 4083 775 4138 XVII
793 4082 908 4138 additur
925 4083 1049 4139 initium!
1083 4081 1164 4148 Quod
1178 4081 1291 4150 quidem
1306 4082 1366 4138 sine

245 4177 331 4233 dubio
354 4177 397 4232 iIIi
419 4176 464 4232 vel
486 4175 615 4246 privatae
635 4172 682 4229 vel
701 4173 886 4229 scholasticae
910 4170 1104 4228 exercitationi
1130 4171 1248 4225 debetur
1265 4174 1367 4241 poetae

245 4268 332 4322 verba
349 4268 432 4324 aliter
451 4266 611 4338 effingendi.
649 4264 683 4320 ef.
697 4263 820 4319 Hofman
838 4262 1006 4332 Peerlkamp
1025 4260 1121 4316 Horat.
1139 4259 1205 4316 edit.
1220 4261 1254 4315 II.
1270 4279 1297 4331 p.
1313 4261 1366 4330 XI;

246 4357 348 4424 Heyue
361 4358 465 4413 Tibull.
481 4357 547 4412 edic.
561 4357 594 4410 lI.
610 4374 637 4426 p.
651 4352 723 4407 XXI.
