3206 4928
730 393 947 462 ..66.„.

276 583 375 642 strant
393 579 531 641 Paridem
553 581 585 640 in
607 582 673 657 ipsa
695 579 827 657 epistula
849 579 978 657 primum
1001 577 1117 639 itineris
1139 591 1260 637 oausam
1284 573 1399 653 aperire

277 689 382 748 etalii
410 689 467 749 looi
495 707 564 748 eum
592 707 659 748 eum
682 687 799 747 Helena
826 690 916 746 antea
944 685 980 746 da
1009 705 1045 746 ea
1072 703 1105 744 re
1127 683 1210 761 loqui
1231 701 1293 744 non
1313 687 1399 760 pot·

277 797 337 856 isse
370 795 547 856 confirmant
578 787 657 876 (XV,
676 795 739 855 215
761 813 803 871 sq.
828 795 891 855 257
912 785 979 876 sq).
1030 794 1159 854 Inacism
1186 793 1280 870 igitur
1306 791 1399 852 tonus

277 904 322 963 rei
344 907 475 981 aposta
498 902 624 982 eogitari
643 901 798 978 Helenam,
821 920 888 961 eum
911 902 1000 962 detur
1017 901 1133 961 Paridis
1152 900 1289 978 epistula,
1313 917 1401 974 appa

276 1014 332 1071 ret.
383 1011 482 1086 Atque
513 1010 590 1070 hane
622 1009 685 1069 eius
717 1009 866 1069 inscitiam
898 1011 1046 1069 remotam
1075 1027 1141 1069 esse
1168 1010 1256 1084 putat
1282 1005 1400 1065 Riesius

278 1109 352 1200 (Lu.
367 1115 522 1201 Ceatralbt.
549 1117 633 1176 1879
658 1135 686 1192 p.
703 1107 781 1197 777)
805 1115 941 1175 versibus
966 1117 1008 1177 20
1019 1133 1061 1190 sq.
1086 1115 1182 1190 35sq.
1208 1115 1271 1175 163
1283 1131 1334 1189 sq,
1357 1113 1401 1172 ita

280 1227 315 1282 ut
337 1223 369 1282 in
390 1241 533 1299 responso
558 1241 659 1282 omnes
682 1240 731 1281 res
755 1221 782 1280 ei
806 1221 865 1281 sint
886 1222 1076 1282 notissimae!
1107 1253 1145 1264 -
1171 1221 1285 1280 Verum
1308 1220 1399 1278 enim·

277 1348 348 1391 vero
372 1349 408 1389 ex
430 1329 492 1388 illis
514 1329 587 1388 loeis
611 1327 685 1386 nihil
709 1331 836 1404 apparet
856 1328 916 1388 nisi
938 1327 1085 1388 Helenam
1108 1345 1126 1388 a
1149 1327 1266 1387 Venere
1285 1326 1400 1386 Paridis

277 1435 411 1497 thalamo
435 1454 500 1496 asse
523 1434 700 1512 promissam
723 1428 768 1516 (v.
784 1437 835 1512 20,
861 1437 911 1512 35,
927 1428 1006 1517 296)
1030 1438 1062 1494 et
1084 1454 1102 1494 a
1120 1435 1228 1494 Paride
1249 1453 1316 1494 eam
1334 1433 1399 1492 aliis

280 1543 402 1602 Iunonis
431 1545 462 1602 et
485 1541 637 1602 Minervae
662 1541 815 1618 promissis
840 1561 904 1602 esse
927 1541 1129 1618 praepositam
1152 1533 1310 1623 (163sq.).
1353 1540 1399 1598 Ne

279 1651 405 1710 verbum
423 1648 544 1726 quidem
562 1648 598 1708 de
617 1649 741 1709 dearum
759 1650 822 1725 lite,
843 1649 880 1708 de
899 1668 1060 1726 congressu
1078 1668 1181 1709 aarum
1198 1667 1266 1708 oum
1285 1647 1400 1723 Paride,

279 1757 315 1817 de
335 1775 425 1817 eausa
442 1756 516 1832 ipsa,
531 1775 589 1838 ¹our
605 1756 726 1817 tandem
746 1757 819 1816 deae
837 1757 905 1816 illas
924 1776 972 1817 res
990 1756 1141 1832 pollicitae
1160 1755 1221 1817 sint
1238 1754 1347 1841 Paridi,
1366 1753 1402 1813 de

280 1863 390 1923 iudieio
412 1863 485 1940 ipso.
526 1865 621 1940 Atqui
640 1864 794 1940 Helenam,
818 1882 909 1940 quam
928 1883 944 1922 e
962 1863 1079 1922 Paridis
1098 1863 1228 1940 epistula
1246 1861 1340 1922 tetius
1358 1861 1402 1920 rei

281 1971 405 2031 insolam
420 1989 484 2030 esse
499 1973 630 2049 putares,
650 1971 686 2030 de
702 1971 838 2031 omnibus
852 1971 899 2030 his
914 1989 968 2031 sua
982 1973 1088 2047 sponte
1100 1971 1183 2048 loqui
1196 1987 1284 2048 posse
1298 1967 1401 2029 audio!
1492 2044 1496 2052 ⁵
1566 1971 1567 2020 ἒ

279 2078 380 2154 Atque
402 2072 448 2136 illi
470 2077 586 2138 Paridis
610 2079 755 2155 epistulae
778 2096 896 2155 versus,
925 2077 1033 2154 quibus
1054 2078 1164 2139 nititur
1185 2078 1317 2154 Riesius,
1340 2093 1400 2135 am·

277 2185 405 2262 pliorem
431 2184 552 2245 fabulae
580 2185 783 2246 narrationem
812 2185 943 2246 adfuisse
971 2187 1130 2246 testantur.
1176 2184 1296 2244 Priores
1323 2182 1402 2242 enim

279 2311 383 2352 versus
411 2310 476 2351 rem
503 2292 548 2351 ita
576 2291 757 2370 significant,
785 2292 871 2368 quasi
899 2293 938 2352 ad
963 2291 1177 2352 accuratiorem
1200 2290 1403 2350 narrationem

279 2400 411 2458 attentos
438 2398 538 2458 faeere
565 2397 672 2458 velint:
704 2418 732 2458 v.
759 2401 820 2458 163
833 2417 875 2474 sq.
903 2401 1058 2474 tamquam
1083 2416 1148 2457 rem
1174 2401 1278 2457 notam
1306 2396 1403 2457 obiter

280 2504 441 2582 stringunt.
469 2535 511 2546 -
539 2503 641 2564 Etiam
673 2503 771 2581 magis
798 2503 927 2563 absurde
954 2522 989 2563 ao
1015 2503 1112 2563 multo
1139 2503 1238 2564 minus
1264 2501 1401 2563 eonveni-

280 2613 365 2670 enter
387 2609 520 2670 Helenae
547 2610 647 2672 verbis
676 2612 861 2671 statioretur
886 2611 942 2670 hoo
968 2609 1040 2687 poni
1067 2629 1086 2670 a
1113 2612 1217 2686 poeta,
1244 2612 1403 2686 postquam

280 2717 366 2778 Paris
394 2717 554 2794 epistulam
582 2717 726 2795 dedisset,
753 2737 821 2777 eum
846 2721 963 2778 amatae
985 2717 1104 2794 puellae
1127 2715 1312 2776 aeeuratiora
1335 2733 1403 2774 nar·

280 2843 372 2885 rasse.
417 2824 522 2900 Neque
545 2824 645 2886 hercle
668 2827 775 2901 poetae
797 2824 891 2901 ipsius
914 2816 1121 2901 neglegentiae
1145 2827 1176 2884 et
1197 2823 1329 2882 incuriae
1349 2821 1403 2881 tri·

279 2932 331 2991 bui
354 2934 469 3009 petest,
498 2930 577 3006 quod
600 2931 670 2990 illae
694 2930 815 2992 fabulae
838 2931 966 2992 omissae
989 2931 1063 3008 sint;
1090 2931 1160 2992 talis
1183 2934 1264 2991 certe
1287 2929 1404 3006 levitas,

281 3039 438 3098 eominus
467 3041 547 3098 esset
575 3037 765 3115 excusabilis,
793 3039 933 3115 quoniam
960 3038 1061 3116 agitur
1087 3041 1119 3098 et
1146 3039 1182 3098 de
1209 3038 1298 3097 rebus
1324 3054 1403 3116 ¹quae

281 3145 390 3204 summi
417 3145 562 3206 momenti
589 3149 672 3221 sunt,
700 3148 731 3205 et
759 3145 796 3204 de
823 3146 954 3206 carmine
982 3145 1062 3206 haud
1089 3145 1133 3204 ita
1160 3146 1264 3222 longo,
1291 3143 1323 3202 in
1345 3160 1402 3218 quo

280 3254 371 3329 poeta
393 3251 502 3311 fuisset
522 3254 585 3311 tam
604 3251 776 3314 obliviosus.
812 3251 919 3329 Itaque
937 3253 991 3312 has
1010 3251 1047 3311 de
1065 3251 1173 3329 quibus
1191 3251 1284 3312 locuti
1302 3266 1401 3311 sumus

280 3376 328 3418 res
357 3377 375 3417 a
402 3359 511 3418 Paride
538 3363 677 3420 narratas
708 3360 801 3420 fuisso
828 3361 907 3421 ratio
933 3361 1000 3438 ipsa
1028 3357 1134 3420 suadet
1164 3362 1200 3419 ut
1229 3361 1402 3420 statuamus.

371 3466 437 3526 Iam
459 3485 531 3526 vero
554 3467 623 3527 illos
647 3467 727 3544 ipsos
747 3467 816 3528 CIV
837 3486 951 3552 sersus,
975 3469 1026 3544 qui
1048 3469 1080 3526 in
1102 3467 1206 3544 primis
1225 3465 1405 3526 editionibus

282 3576 453 3650 emergunt,
484 3572 657 3634 inserendos
691 3593 757 3634 esse
783 3574 815 3634 in
842 3573 958 3634 Paridis
985 3574 1159 3650 epistulam,
1187 3573 1261 3634 haec
1287 3563 1406 3648 quidem

283 3679 432 3740 sarmatia
455 3679 522 3739 aliis
545 3697 662 3757 quoque
685 3681 871 3758 argumentis
894 3679 1095 3740 oonfirrnatur.

371 3787 471 3863 Atque
495 3786 519 3846 si
544 3805 619 3848 saer.
638 3787 693 3846 XV
716 3791 818 3848 essent
840 3805 953 3864 versus,
976 3787 1163 3863 incorruptos
1186 3804 1237 3846 ees
1255 3787 1336 3847 tradi
1354 3805 1406 3864 ap·

282 3897 372 3969 teque
395 3893 475 3952 inter
498 3911 530 3954 se
553 3894 712 3954 cohaerere
734 3898 867 3970 putares.
913 3896 956 3955 At
978 3896 1075 3955 multa
1096 3894 1302 3972 inveniuntur,
1330 3911 1406 3971 quae

284 4004 387 4076 aperte
415 3998 593 4076 corruptelis
621 3998 785 4076 depravata
813 4004 896 4079 sunt3
922 4019 1018 4078 neque
1040 3999 1287 4078 interpolationes
1309 4004 1342 4061 et
1363 4001 1433 4087 la·⁸

283 4127 387 4189 oursel
400 4107 578 4167 manifestae
601 4107 717 4169 desunt.

372 4213 507 4273 Primum
533 4214 632 4291 ipsum
660 4213 822 4293 distichon,
848 4217 883 4275 ut
910 4233 989 4276 nuno
1016 4233 1047 4275 se
1074 4213 1178 4288 habet,
1211 4211 1407 4272 Ruhnkenius

252 4287 412 4398 ⁶(dietata
434 4321 473 4380 ad
491 4315 577 4381 Ovid.
596 4320 659 4379 her.
677 4341 705 4397 p.
727 4313 783 4403 92)
806 4324 887 4382 reate
910 4321 1051 4396 ineptum
1068 4336 1102 4379 ae
1124 4319 1174 4380 vix
1196 4318 1323 4379 latinum
1342 4337 1406 4379 esse
1529 4367 1532 4372 .
1566 4375 1567 4378 ,
