3206 4928
753 370 969 434 ..32-

298 551 372 628 filie,
402 569 438 612 ee
465 549 502 611 de
530 569 633 645 ceusu·
647 551 679 611 in
707 551 904 628 suspicionem
926 552 1028 612 voccri
1050 552 1156 629 nolim,
1183 552 1264 628 quod
1284 553 1420 630 intellegi

299 658 349 720 vix
371 659 481 735 potest,
504 657 555 733 qui
578 658 692 718 fectum
715 659 765 733 sit,
786 662 822 719 ut
844 659 1058 735 grammaticus
1082 659 1202 738 quidam
1225 660 1278 720 ille
1295 663 1421 737 poneret

298 784 353 840 pro
374 765 425 842 eis,
448 783 526 841 quae
543 764 700 826 Pelmerus
719 767 821 826 censet
839 784 961 827 versum
978 766 1153 842 explevisse.
1190 766 1296 843 Ituque
1315 767 1419 828 dubito

297 892 371 932 num
388 872 528 934 Palmero
547 872 588 932 sit
610 873 844 950 assentiendum,
867 876 967 950 etque,
991 873 1136 950 siquidem
1158 873 1351 950 interpolatio
1373 879 1421 934 est

297 978 329 1038 in
351 1000 378 1040 v.
400 981 451 1057 75,
476 982 516 1040 76
536 982 567 1040 et
587 983 638 1055 81,
662 999 729 1040 enm
751 980 811 1040 iem
830 999 890 1040 non
911 981 1000 1057 plene
1024 981 1137 1042 secerni
1159 999 1247 1057 posse
1271 986 1302 1042 et
1323 981 1419 1058 prius·

300 1105 389 1162 quem
412 1088 556 1161 quattuor
579 1087 625 1148 illi
646 1105 752 1148 versus
775 1087 974 1164 irrepserunt,
997 1087 1128 1146 addusse
1150 1069 1232 1163 puto.

827 1281 892 1358 55.

389 1405 454 1464 Iem
481 1424 553 1466 voro
580 1407 668 1482 plene
696 1425 790 1468 noves
813 1406 1010 1483 cogitationes
1032 1406 1236 1483 inseruerunt,
1263 1409 1299 1466 nt
1321 1408 1417 1483 exple-

297 1513 382 1570 retur
409 1513 528 1590 tmere,
555 1532 646 1589 quom
668 1513 699 1574 in
723 1516 829 1590 poetes
852 1514 1023 1574 narratione
1049 1514 1223 1591 dignoscere
1252 1514 1310 1574 sibi
1336 1514 1417 1574 vide·

296 1619 415 1707 beetur.

388 1727 487 1802 Atque
501 1727 525 1804 Ι,
541 1729 581 1787 37
602 1745 645 1803 sq.
663 1728 844 1790 narrationis
862 1727 978 1789 fontem
997 1727 1171 1804 explicatius
1190 1726 1298 1788 addere
1316 1727 1416 1787 roluc-

299 1835 378 1894 runt.
409 1831 466 1902 Qui
485 1851 591 1896 versus
610 1835 660 1910 37,
676 1835 727 1910 38,
745 1852 812 1894 oum
830 1839 987 1911 prneteroe
1005 1833 1164 1895 dictionem
1182 1833 1271 1894 nimis
1289 1833 1418 1892 ieiunum

298 1957 332 1998 eo
354 1939 513 1999 molestam
537 1937 644 2001 Ouidio
667 1943 749 2001 certe
771 1923 1013 2018 indignnm‘esse
1035 1943 1194 2017 apparent,
1218 1939 1332 2015 optimo
1354 1940 1418 1998 inre

298 2065 316 2104 a
344 2045 446 2106 Riesio
473 2045 621 2108 delentur.
670 2047 841 2128 Penelopen
874 2048 952 2108 enim
984 2051 1084 2110 toturn
1115 2047 1229 2106 bellum
1257 2046 1418 2105 Troianum

297 2153 465 2212 accuratius
493 2154 667 2234 cognovisse
693 2154 814 2218 initium
840 2155 988 2231 epistulae
1016 2154 1111 2216 docet.
1156 2151 1289 2231 Cumque
1316 2153 1358 2211 ibi
1387 2153 1418 2210 in

297 2259 471 2321 universum
503 2259 596 2336 dicet,
628 2255 702 2322 ‘sive
734 2263 801 2339 quis
828 2255 983 2326 nerrabnt'
1011 2261 1041 2321 h.
1070 2280 1094 2322 e.
1123 2277 1157 2322 se
1182 2259 1269 2318 modo
1297 2261 1336 2318 ab
1362 2259 1417 2318 hoe

298 2367 385 2426 modo
408 2367 446 2425 ub
470 2367 523 2427 illo
546 2367 584 2428 de
606 2368 688 2430 bello
708 2369 837 2430 Troiano
860 2369 982 2432 nrmtioe
1004 2367 1152 2444 accepisse
1172 2361 1224 2444 (cf.
1242 2385 1270 2426 v.
1291 2368 1331 2426 25
1352 2359 1418 2446 sq),

297 2474 440 2534 hocloco
463 2492 530 2535 eam
554 2475 653 2536 omnin
676 2494 694 2534 a
715 2476 844 2536 Nestore
867 2475 1051 2554 partilium,
1078 2474 1134 2533 hoc
1157 2477 1203 2534 est
1225 2471 1327 2532 decem
1348 2477 1418 2549 post

297 2580 410 2640 bellurn
438 2580 523 2644 dunis
551 2581 673 2642 taudem
699 2583 894 2659 comperisse,
921 2581 1049 2646 absurde
1078 2580 1141 2640 sine
1169 2579 1259 2640 dubio
1289 2580 1417 2664 additur.

298 2685 442 2764 Quodque
464 2685 502 2748 ed
526 2707 667 2750 versuum
690 2689 849 2750 dictionem
868 2689 987 2766 attinet,
1010 2689 1083 2748 setis
1103 2687 1240 2762 displicet
1258 2686 1417 2747 admodum

298 2792 453 2869 implicate
476 2799 507 2854 et
530 2795 649 2856 inficeto
671 2797 833 2857 uerborum
855 2795 1019 2857 collocatio.

387 2899 447 2960 Sed
473 2903 530 2962 hoc
553 2903 681 2964 disticho
709 2907 828 2964 remoto
853 2902 984 2964 nondum
1012 2921 1102 2962 senus
1130 2905 1178 2962 est
1204 2901 1294 2961 locus.
1340 2901 1417 2958 Nem

297 3009 377 3083 quod
404 3010 538 3086 sequitur
565 3010 713 3070 distichon
740 3014 804 3072 turn
831 3013 913 3072 erote
941 3028 1008 3070 oum
1032 3009 1120 3068 huius
1143 3007 1362 3071 constructione
1386 3010 1417 3066 et

299 3116 449 3178 sententie
472 3117 664 3178 coniunctum
686 3121 741 3195 cst,
764 3119 808 3193 ut,
832 3117 858 3178 si
880 3116 955 3176 illud
977 3089 1123 3192 delentur,
1145 3116 1201 3176 hoo
1224 3133 1341 3196 quoqpe
1364 3116 1417 3172 aut

297 3223 416 3282 omnino
444 3224 646 3284 circumscribi
673 3226 728 3284 eut
756 3226 855 3284 toturn
882 3222 990 3299 refingi
1016 3239 1136 3282 necesse
1164 3222 1212 3281 sit.
1264 3221 1310 3280 Ne
1338 3219 1417 3278 enim

296 3349 323 3390 v.
349 3333 400 3406 37,
424 3333 465 3390 38
489 3332 676 3407 parenthesis
704 3331 800 3390 inetur
827 3330 1020 3406 interpositos
1043 3347 1108 3390 esse
1131 3327 1249 3387 dicetur
1271 3329 1303 3386 ct
1324 3325 1414 3386 versi·

296 3436 353 3496 bns
373 3439 425 3514 39,
443 3438 487 3497 4‘0
505 3438 673 3498 continuari
692 3456 822 3513 ecquae
841 3456 869 3498 v.
889 3439 1020 3498 31-36
1043 3437 1213 3510 narrentur,
1237 3452 1272 3493 ee
1295 3452 1343 3492 res
1361 3432 1415 3492 im·

296 3543 393 3619 pedit,
414 3525 500 3619 'quod
528 3550 624 3604 antee
643 3548 816 3621 praesente,
842 3543 985 3602 hocloco
1008 3541 1140 3617 perfecto
1163 3544 1298 3616 tempore
1320 3539 1417 3601 utitur

296 3653 386 3724 poete
412 3643 586 3730 (monstrnt,
614 3651 709 3727 pingit
736 3654 766 3712 et
794 3644 919 3730 retulit);
946 3667 1042 3725 neque
1070 3648 1109 3708 ed
1131 3648 1265 3708 vividum
1286 3647 1416 3706 colorem

297 3756 504 3832 poeticumque
527 3758 600 3818 tneo
623 3757 748 3818 humilio
776 3761 808 3816 et
830 3757 973 3834 languide
991 3757 1084 3818 verbe
1102 3755 1248 3832 quadrare
1266 3753 1416 3814 videntur.

297 3862 458 3923 Prueteren
484 3864 693 3942 neglegentior
721 3866 767 3924 est
794 3863 825 3921 in
852 3883 880 3924 v.
909 3865 954 3923 40
980 3863 1033 3924 ille
1060 3861 1220 3938 oppositio,
1248 3878 1324 3936 quae
1353 3859 1415 3919 sine

296 3967 387 4028 dubio
414 3971 550 4030 consulto
578 3969 714 4046 quaesite
737 3972 798 4044 est3
825 3987 922 4045 neque
944 3988 999 4046 pro
1023 3961 1114 4028 ‘dolo'
1138 3967 1201 4026 ulle
1222 3966 1294 4042 poni
1315 3969 1416 4041 potest

296 4094 366 4152 vox,
393 4093 470 4151 quae
498 4094 565 4136 oum
592 4094 664 4136 voce
692 4068 851 4152 ‘proditur’
879 4076 1036 4135 coniuncte
1058 4074 1203 4134 vocabulo
1226 4065 1352 4132 ‘somno’
1377 4073 1416 4132 sit

296 4181 441 4260 opposite.
479 4182 580 4258 Atque
598 4182 675 4241 illud
693 4182 792 4259 ipsum
816 4183 1002 4248 enuntiatum
1023 4176 1103 4241 ‘dolo
1127 4173 1224 4256 prodi’
1244 4199 1358 4257 vereor,
1381 4182 1415 4237 ut

295 4290 374 4348 iuste
390 4283 518 4366 npteque
532 4293 669 4366 ponatur.
701 4289 807 4364 Iteque
822 4289 878 4349 hoo
892 4307 1008 4365 quoque
1022 4287 1170 4346 distichon
1184 4288 1289 4349 abesse
1303 4286 1416 4350 malim.
