3206 4928
667 380 886 446 ..51„.

210 562 299 625 facile
321 562 352 624 in
375 551 525 626 codicibus
549 564 649 624 omitti
675 565 810 641 potuisse
837 565 935 643 initia,
963 565 1069 626 deinde
1096 565 1247 626 Nasonem
1275 584 1334 628 non

212 673 332 732 omnino
356 689 462 733 severa
484 671 642 749 epistulari
663 673 762 732 forma
784 691 871 733 nsum
895 691 959 734 csse
978 678 1068 750 atque
1091 674 1209 752 saepius
1236 675 1332 734 heroi-

211 797 265 838 nes
288 779 327 840 ad
349 779 463 840 medias
486 797 535 840 res
558 779 770 858 aggredientes
792 779 908 858 fecisse,
933 781 1025 840 etiam
1043 781 1099 840 hoc
1117 781 1197 840 haud
1218 781 1277 842 scio
1295 800 1335 840 an

211 889 344 968 statuere
373 886 522 962 possimus
550 887 686 946 consulte
708 887 759 946 vel
790 886 835 946 ita
866 886 1063 963 epistularum
1095 889 1216 949 exordia
1247 888 1333 947 insti·

210 992 304 1054 tuisse
323 990 483 1068 Nasonem,
505 993 649 1067 utquam
669 1011 801 1054 summas
824 992 917 1052 animi
939 993 1180 1070 perturbationes
1203 995 1334 1054 declaret

211 1098 412 1159 secessuum.
459 1097 508 1158 ua
534 1096 655 1175 quidem
684 1097 750 1158 fies
776 1098 913 1158 suemus
940 1079 1130 1175 inep.'X11,
1154 1101 1206 1160 uu
1229 1104 1334 1178 aperte

210 1204 293 1266 inv.
318 1208 337 1265 5
360 1204 483 1264 Medeae
506 1204 703 1282 cogitationes
727 1205 764 1265 ad
788 1206 863 1265 aliae
887 1224 934 1266 res
958 1207 1131 1283 devertunt,
1155 1210 1189 1267 ut
1213 1206 1334 1268 omittat

211 1312 341 1388 priorem
365 1312 545 1374 senteutiam
567 1313 723 1389 complere.
832 1383 834 1388 ,

740 1523 806 1601 §3.

300 1649 501 1710 Luculentum
532 1653 633 1710 autem
661 1651 844 1726 exemplum,
876 1671 935 1727 quo
963 1655 1107 1728 appareat
1134 1651 1226 1712 etiam
1254 1652 1333 1712 solos

213 1757 385 1822 deteriores.
398 1757 492 1816 libros
515 1755 660 1834 genuinos
683 1756 844 1817 tradidisse
861 1775 975 1834 versus,
998 1761 1046 1818 cst
1063 1758 1211 1838 distichon
1227 1758 1267 1835 II,
1285 1761 1334 1835 18,

216 1866 265 1939 19,
288 1863 368 1940 quod
390 1863 543 1924 invenitur
559 1864 591 1924 in
614 1864 717 1930 codice
738 1863 871 1924 (dissensi
894 1857 932 1946 (s.
955 1857 1040 1946 XIV)
1064 1869 1094 1926 et
1121 1865 1333 1925 recentissimis

213 1970 398 2045 quibusdam
426 2003 463 2012 —
489 1970 591 2030 Primo
619 1971 699 2031 onim
727 1972 835 2031 obtutu
863 1975 988 2047 apparet
1015 1973 1205 2032 enuntiatum
1233 1967 1333 2049 ‘saepe

213 2075 284 2136 deos
313 2071 449 2153 supplex'
474 2071 546 2159 (17)
574 2079 627 2137 illo
655 2078 782 2138 disticho
810 2078 919 2138 omisso
947 2078 1039 2138 verbo
1066 2077 1151 2138 finito
1178 2098 1238 2139 non
1265 2098 1333 2138 con·

211 2183 308 2260 iungi,
336 2184 468 2259 itemque
495 2183 576 2243 nuda
600 2184 654 2244 illa
675 2186 769 2246 verba
792 2178 893 2261 ‘saepe
916 2184 990 2243 mihi
1012 2179 1084 2243 dixi’
1104 2178 1176 2267 (20)
1200 2186 1281 2244 omni
1303 2185 1334 2245 vi

212 2308 326 2365 carere,
353 2291 412 2350 nisi
440 2288 581 2367 addatur,
609 2311 669 2368 qus
690 2292 722 2350 in
744 2291 915 2351 condicione
938 2295 970 2350 et
992 2309 1051 2367 qna
1074 2308 1164 2351 cansa
1185 2295 1334 2352 commota

212 2383 266 2455 illa
284 2396 393 2456 dixerit
412 2395 537 2475 Phyllis.
574 2399 678 2476 Neque
701 2399 781 2458 enim
801 2397 1035 2476 quandocunque
1058 2398 1128 2458 deos
1152 2399 1257 2476 crevit,
1281 2398 1333 2459 sed

213 2501 284 2561 dum
311 2521 365 2579 per
391 2507 497 2564 ventos
526 2504 669 2566 secundos
701 2525 733 2565 re
765 2524 837 2566 vera
870 2506 941 2566 licet
972 2504 1192 2582 Demophoonti
1224 2506 1334 2582 venire,
1453 2545 1456 2553 ·

212 2609 287 2668 talia
313 2609 437 2685 loquens
465 2611 563 2671 induci
590 2614 698 2688 potest.
748 2613 918 2690 Utrumque
943 2633 1015 2673 vero
1043 2613 1122 2673 inest
1148 2611 1179 2670 in
1206 2611 1333 2671 disticho

326 2733 402 2795 (lum
424 2754 512 2811 prece
535 2737 703 2797 turicremis
727 2755 793 2796 sum
817 2739 960 2798 venerata
974 2730 1103 2818 .focis¹),

325 2841 420 2918 Saepe
442 2843 547 2904 videns
570 2847 675 2904 uentos
698 2844 780 2904 caelo
804 2845 971 2922 pelagoque
993 2843 1129 2904 faventes

195 2965 320 3025 'codicis
345 2964 507 3044 Gissensis,
535 2968 614 3045 quod
641 2973 798 3045 praeterea
825 2989 920 3047 neque
948 2971 975 3030 si
1003 2972 1171 3046 spectemus
1194 2967 1333 3028 metricas

212 3074 295 3149 leges
327 3092 422 3148 neque
451 3074 477 3132 si
507 3076 717 3152 elocutionem,
748 3077 845 3135 ullum
872 3081 974 3138 movet
1002 3077 1182 3153 scrupulum.
1233 3075 1332 3150 Atque

174 3185 178 3192 ’
213 3180 268 3238 hoe
291 3179 440 3240 distichon
462 3181 494 3241 in
516 3182 580 3257 ipso
605 3183 737 3241 omnium
758 3183 904 3242 librorum
925 3183 1088 3259 archetypo
1108 3182 1251 3241 omissum
1269 3200 1334 3242 esse

213 3287 333 3348 videtur
360 3293 485 3366 propter
511 3289 622 3348 similia
648 3309 677 3350 v.
703 3295 742 3352 17
772 3293 803 3348 et
828 3294 867 3349 19
896 3264 990 3351 initia.
1042 3289 1099 3361 Qui
1126 3289 1239 3348 fectum
1267 3305 1333 3348 esse

213 3393 364 3472 videatur,
389 3400 425 3455 ut
448 3399 631 3472 servaretur,
655 3414 747 3472 supra
769 3397 967 3472 exposuimus.

302 3501 443 3562 Retinent
465 3503 520 3564 hos
543 3521 648 3563 versus
671 3521 772 3562 omnes
796 3503 933 3564 editores.
985 3491 1157 3563 Scd'etiarn
1180 3522 1225 3578 ep.
1249 3478 1333 3578 vin,

213 3626 241 3666 v.
268 3609 318 3684 20,
342 3611 382 3668 21
408 3611 554 3686 genuinos
578 3628 643 3670 csse
666 3610 753 3670 docet
776 3609 929 3670 Vahlenus
953 3602 988 3692 (Ι.
1011 3629 1034 3670 c.
1057 3630 1085 3686 p.
1111 3602 1178 3690 37).
1223 3608 1332 3668 Defen-

286 3835 311 3902 1)
332 3832 375 3887 Its
394 3831 570 3887 scribendum
589 3835 633 3889 est
651 3849 666 3886 e
685 3831 790 3888 codicis
810 3830 948 3888 dissensio
968 3831 1109 3903 vestigiis:

419 3938 501 3994 ‘Cum
520 3955 602 4009 prece
620 3939 768 3994 turmoniis
788 3955 849 3993 sum
867 3943 1001 3996 venerata
1019 3940 1126 3998 sacris’.

213 4045 286 4100 Nam
305 4048 334 4101 et
352 4047 461 4116 copula,
479 4062 551 4116 quae
570 4045 681 4114 dicitur,
702 4046 786 4100 ‘sum'
805 4046 965 4102 necessaria
982 4051 1034 4117 est,
1052 4065 1142 4118 neque
1159 4064 1258 4104 vocem
1273 4047 1333 4102 ‘de-

213 4135 366 4202 venerari'‚
385 4152 470 4204 quum
488 4134 618 4190 Heinsius
642 4137 801 4204 receperat,
824 4134 941 4190 Ovidius
964 4139 1082 4207 usurpat
1103 4135 1265 4206 (‘venerari’
1286 4135 1332 4193 Tr.

213 4221 247 4291 V,
267 4229 292 4290 1,
310 4227 359 4290 493
382 4220 432 4290 Ill,
452 4227 515 4291 153;
539 4223 605 4278 Met.
625 4222 660 4290 V,
678 4228 730 4278 279
750 4222 806 4290 al).
846 4221 908 4276 Vox
928 4224 1108 4278 ‘turicremis’
1129 4223 1288 4280 defenditur
1306 4240 1332 4280 a.

214 4325 238 4363 a.
259 4309 307 4380 III,
327 4316 387 4364 393.

1083 4401 1120 4456 4*
