3206 4928
653 375 867 439 ..lud

196 557 419 634 Shuckburghi,
451 556 622 632 passimque
653 555 686 614 in
717 539 903 615 eruditorum
930 557 1005 616 actis
1033 555 1167 616 invenias
1195 555 1317 615 circum·

196 665 285 725 scribi
307 683 412 726 versus
433 663 589 740 quosdam,
612 662 663 739 qni
686 662 851 722 editoribus
875 663 969 738 spurii
990 661 1157 723 videantur.

283 772 417 848 Longius
435 770 581 847 processit
599 769 744 829 Lehrsins
752 762 786 850 ¹),
809 769 860 845 qui
879 769 1012 828 omnium
1034 769 1097 828 fere
1122 769 1319 845 epistularum

194 879 244 938 vix
270 879 338 955 plns
367 877 520 941 dimidiam
547 879 666 953 partem
693 876 855 954 genuinam
882 895 961 952 esse,
989 877 1102 937 relicua
1127 895 1318 953 quaecunque

194 985 293 1045 minus
316 987 386 1061 apte
409 983 490 1044 dicta
512 1003 577 1044 esse
601 987 655 1044 aut
673 983 778 1042 abesse
795 1001 884 1058 posse
903 983 1039 1059 putabat,
1062 982 1256 1045 emediocris
1274 984 1318 1044 iu·

194 1092 276 1168 genii
309 1089 480 1151 hominibus
511 1090 615 1150 addita
648 1108 712 1150 esse
739 1091 862 1150 censuit.
913 1090 980 1149 Etsi
1011 1090 1132 1148 minime
1164 1091 1196 1148 in
1223 1083 1318 1172 eius2)

194 1199 296 1274 partes
321 1198 477 1258 succedere
504 1217 638 1275 possum,
667 1197 718 1275 qni
745 1198 827 1256 illius
850 1197 1107 1257 commentationis
1130 1197 1206 1256 hanc
1229 1217 1320 1258 unam

195 1305 375 1364 sententiam
403 1306 511 1366 statuit
537 1305 660 1383 probari
686 1323 787 1380 posse,
820 1324 880 1381 qua
906 1303 1105 1364 concluditur:
1137 1298 1217 1364 ‘lhre
1244 1304 1317 1364 Ver-

194 1412 409 1490 offentlichung
440 1419 528 1490 mdge
559 1432 629 1472 man
660 1406 838 1489 veraeihen',
869 1414 972 1471 tamen
1002 1411 1162 1472 Lebrsinm
1194 1413 1319 1472 calidius

80 1564 82 1570 s
194 1537 284 1594 quam
311 1519 487 1594 prudentius
515 1538 579 1579 rem
607 1518 737 1595 gessisse
761 1521 852 1594 atone
875 1517 1002 1594 argutiis
1026 1518 1254 1595 argumentandi
1276 1519 1319 1578 ni-

194 1625 288 1684 mium
310 1625 470 1686 indulsisse
493 1644 560 1684 cum
588 1625 692 1685 multis
715 1625 876 1686 consentio.
917 1625 953 1683 ln
971 1625 1143 1686 universum
1162 1625 1339 1685 dicendum

195 1735 241 1790 est
264 1731 431 1795 eum-false
449 1731 622 1808 resonuisse,
645 1750 838 1809 quaecunque
856 1731 1012 1790 rhetorum
1030 1713 1113 1791 moin
1132 1733 1249 1810 longius
1270 1753 1318 1792 ex·

193 1838 293 1914 posita
316 1857 382 1898 esse
404 1842 458 1898 aut
480 1839 600 1900 omnino
623 1840 738 1898 colores
757 1839 913 1916 oratorios,
937 1841 971 1898 ut
988 1839 1032 1899 ita
1050 1839 1156 1917 dicam,
1180 1840 1319 1900 exhibere

194 1944 376 2022 viderentur,
400 1949 490 2022 atque
513 1947 546 2005 in
567 1947 614 2006 his
637 1947 712 2006 talis
734 1946 852 2021 saepius
871 1949 1058 2022 argumente,
1081 1946 1187 2022 quibus
1207 1947 1238 2019 in
1257 1967 1317 2006 om-

193 2052 293 2112 nibus.
305 2052 442 2128 epistulis
462 2056 634 2116 constanter
652 2053 699 2112 uti
717 2053 795 2112 solet
813 2056 910 2129 poeta.
951 2052 1019 2112 Huc
1036 2052 1168 2129 pertinet
1184 2057 1318 2128 praeter·

194 2158 255 2218 itae
277 2157 444 2234 felicitatis,
472 2178 539 2218 cum
562 2160 621 2220 viri
643 2159 737 2218 amati
762 2159 933 2235 praesentia
960 2159 1084 2218 heroina
1111 2179 1187 2236 qnae
1215 2160 1319 2219 scribit

196 2265 358 2339 epistulam
371 2265 525 2341 gauderet,
540 2264 693 2340 memoria,
706 2265 764 2322 huc
778 2266 925 2324 malorum
940 2264 1143 2344 dolorumque,
1157 2285 1233 2342 quae
1248 2285 1315 2326 con·

195 2369 264 2445 iuge
288 2371 411 2430 absente
434 2372 484 2431 vel
506 2371 655 2432 irruerent
673 2372 722 2431 vel
739 2371 939 2448 imminerent,
963 2373 1123 2449 enarratio,
1150 2373 1207 2432 huc
1226 2374 1317 2434 timor
1381 2347 1388 2358 ¹

195 2478 338 2555 amantis,
366 2497 403 2536 ne
430 2497 509 2540 nova
536 2498 610 2539 uxor
637 2479 695 2539 viri
718 2478 879 2539 desiderati
903 2479 1035 2539 animum
1058 2481 1096 2539 ab
1119 2479 1185 2556 ipsa
1208 2482 1318 2541 abalie-

194 2583 325 2658 naverit,
358 2585 462 2644 eodem
489 2585 629 2664 deniqne,
664 2586 743 2662 quod
773 2587 806 2644 in
836 2587 1034 2662 plurimorum
1065 2587 1229 2646 carminum
1260 2588 1318 2646 fine

196 2707 260 2748 sese
292 2694 420 2750 mortem
452 2695 594 2768 oppetere
626 2693 717 2752 malle
748 2711 838 2768 quam
853 2712 887 2768 ,a
913 2694 1038 2770 coniuge
1070 2693 1182 2752 diutius
1213 2695 1317 2754 abesse

194 2795 298 2856 dicunt
324 2797 465 2858 heminae
494 2794 559 2881 (cf,
587 2819 662 2877 quas
686 2800 839 2860 damnavit
861 2799 916 2875 III,
937 2803 1077 2877 67—82,
1098 2803 1136 2862 91
1162 2819 1257 2876 nsque
1280 2803 1318 2860 ad

194 2902 296 2979 finem3
316 2903 779 2984 V11,183—196,169-—182;
798 2906 850 2983 ΙΙΙ,
862 2909 924 2966 136
939 2927 1034 2984 usque
1052 2906 1091 2968 ad
1108 2907 1211 2986 fincm;
1224 2909 1260 2985 X,
1277 2912 1317 2970 76

196 3012 318 3086 —1503
341 3011 407 3086 XII,
426 3016 598 3074 rsa-208
621 3015 756 3091 aliaeque
779 3014 907 3074 maiores
930 3015 1017 3090 epist.
1040 3007 1166 3097 partes).

281 3115 470 3188 Sententiam
493 3119 538 3178 illi
556 3121 644 3197 plane
663 3123 881 3197 repugnantem
899 3121 1016 3180 ltiesius
1035 3122 1191 3198 proposuit
1210 3115 1318 3204 (praef.

195 3221 265 3284 edit.
279 3241 311 3298 p.
325 3213 396 3304 IX),
423 3223 532 3298 quippe
561 3225 612 3299 qui
639 3244 693 3284 nec
720 3245 824 3284 causas
848 3226 1029 3286 certissimas
1052 3227 1229 3303 plerumque
1252 3246 1317 3288 esse

194 3333 293 3406 putet,
317 3348 370 3388 cur
392 3331 480 3406 plura
503 3329 673 3408 deleantur,
695 3351 749 3391 nec
772 3333 798 3392 si
821 3333 886 3409 quis
910 3334 995 3392 obelo
1018 3333 1064 3392 uti
1086 3334 1173 3410 velit,
1196 3333 1318 3394 modum

194 3437 309 3496 servari
331 3455 428 3513 posse,
451 3437 523 3513 quin
545 3432 678 3514 plurima'
697 3438 799 3514 inepta
817 3439 992 3500 habeantur.
1030 3439 1191 3500 Sedtamen
1213 3441 1318 3517 opinor

194 3559 254 3599 non
281 3559 346 3602 esse
373 3561 496 3618 prorsus
524 3543 742 3621 desperandum
769 3545 835 3605 fieri
859 3565 958 3622 posse,
987 3549 1021 3607 ut
1044 3546 1143 3606 Ovidii
1170 3549 1316 3624 epistulae

195 3648 234 3706 ab
258 3647 469 3710 additamentis
493 3652 601 3727 spuriis
620 3652 684 3712 fere
702 3651 881 3731 liberantem
903 3673 1083 3730 quamquam
1102 3655 1231 3714 libenter
1249 3675 1316 3716 con·

267 3857 293 3922 1)
312 3855 343 3910 In
361 3854 446 3910 Jahni
465 3855 557 3910 annal.
577 3857 645 3926 phil.
665 3858 695 3911 et
712 3857 793 3926 paed.
808 3858 863 3913 vol.
879 3865 912 3914 87
932 3860 967 3928 (a.
984 3860 1064 3928 1863)
1082 3877 1110 3928 p.
1125 3865 1159 3914 49
1174 3877 1225 3931 sq,
1245 3879 1316 3929 quae

194 3943 297 3998 iterata
325 3947 367 3999 est
395 3943 549 4014 disputatio
572 3944 602 3998 in
625 3945 691 3999 edit.
715 3946 812 4002 Horat.
838 3963 921 4002 carm.
946 3966 971 4018 p.
992 3946 1115 4002 CCXXII
1135 3966 1175 4016 sq.
1199 3983 1232 3991 —
1257 3952 1315 4006 Nos

194 4030 294 4100 prioris
313 4031 379 4087 libri
397 4032 516 4088 citamus
535 4030 659 4102 paginas.
678 4065 709 4072 *
725 4035 806 4100 Quod
820 4035 896 4090 idem
910 4035 954 4090 vir
968 4035 1068 4091 doctus
1084 4038 1131 4092 vel
1148 4039 1203 4094 hoc
1222 4040 1315 4109 dispu-

194 4117 303 4174 tatione
318 4136 369 4176 sua
383 4119 458 4176 effici
470 4120 541 4184 vult,
555 4121 588 4176 ut
602 4137 698 4176 omnes
712 4123 794 4193 epist.
808 4125 866 4180 her,
883 4122 984 4179 Ovidio
998 4105 1176 4196 abrogeirtur,
1196 4143 1316 4184 comme·

194 4223 319 4262 morasse
338 4207 406 4262 satis
424 4209 524 4266 habeo.

265 4297 294 4364 2)
312 4294 509 4367 Sedlmayerus
527 4298 557 4353 in
575 4300 646 4369 prol.
661 4299 721 4355 crit.
736 4320 764 4371 p.
779 4306 813 4356 ‘18
827 4320 854 4358 n.
870 4307 912 4356 59.
1143 4363 1145 4367 ,

1085 4395 1101 4444 2
