3206 4928
678 384 895 446 ψῃ..

230 571 366 628 accurate
387 567 548 628 seeundum
566 565 715 626 homerica
733 565 866 624 carmina
883 558 1078 646 finguntur-1),
1097 565 1155 624 nisi
1172 565 1252 641 quod
1270 565 1349 641 apud

227 674 367 736 Ovidium
390 693 445 752 pro
472 675 626 751 aliquanto
653 672 870 750 petulantiores
895 672 1172 748 libidinosioresque
1195 674 1348 748 apparent.

228 781 327 858 Atque
350 781 382 840 in
404 782 577 840 universum
601 781 637 838 de
660 779 795 839 fontibus
814 779 942 849 duarum
960 780 1157 856 epistularum
1176 779 1232 838 hoc
1250 779 1346 837 dicen-

226 888 297 948 dum
320 891 381 948 est:
403 908 465 949 non
487 907 580 948 uuum
603 888 733 964 aliquod,
759 887 838 964 quod
861 887 981 964 quidem
999 887 1085 946 nobis
1108 888 1214 946 notum
1236 885 1284 962 sit,
1308 885 1346 944 ad

225 995 405 1057 imitandum
432 997 619 1074 propositum
646 994 739 1055 fuisse
767 983 900 1071 carmen,
932 993 984 1054 sed
1010 997 1117 1070 poetae
1147 993 1178 1052 in
1205 993 1349 1051 memoria

229 1104 321 1164 fuisse
349 1105 522 1164 fabularum
549 1101 773 1180 antiquissimas
800 1102 925 1178 formas,
953 1101 1056 1177 quales
1080 1099 1159 1176 apud
1182 1099 1347 1160 Homerum

230 1211 417 1289 tragicosque
440 1227 564 1289 graecos
587 1201 731 1291 extend).
773 1210 839 1286 Age
863 1206 899 1267 de
922 1207 972 1284 iis,
1001 1206 1099 1284 quoad
1121 1207 1208 1266 nobis
1235 1209 1349 1284 patent,

232 1318 400 1378 accuratius
422 1319 615 1394 quaeramus!

316 1424 487 1501 Antequam
510 1424 597 1484 Paris
619 1426 710 1484 natus
734 1426 793 1500 est,
817 1421 942 1482 Hecuba
964 1420 996 1480 in
1020 1419 1130 1480 somnis
1148 1419 1260 1480 vidisse
1283 1441 1349 1480 nar-

227 1534 313 1592 ratur
345 1523 425 1610 (XV,
453 1535 495 1593 43
524 1551 581 1608 sq.;
601 1535 693 1608 '1213
721 1529 807 1607 XVI,
836 1521 917 1612 237)
949 1547 982 1600 se
1014 1527 1223 1588 flammiferam
1253 1528 1349 1587 facem

228 1640 384 1714 parturum
412 1657 485 1700 esse.
531 1637 597 1709 Qua
625 1638 721 1714 speeie
748 1636 905 1698 vaticinati
932 1638 1003 1696 sunt
1025 1652 1155 1711 augures
1177 1633 1234 1694 hoo
1257 1634 1348 1712 signi-

228 1744 324 1804 ficari:
353 1763 371 1802 a
393 1763 495 1822 puero,
511 1763 576 1821 ,quo
601 1747 681 1804 esset
703 1743 806 1822 gravis
828 1743 895 1817 illa,
923 1741 1044 1802 Troiam
1068 1739 1174 1800 urbem
1196 1741 1228 1800 in
1249 1742 1348 1818 perui·

228 1851 304 1912 ciem
326 1854 466 1912 vocatum
488 1851 534 1912 tri,
580 1851 686 1927 Itaque
710 1850 795 1910 Paris
818 1852 907 1910 natus
930 1849 963 1908 in
985 1847 1040 1907 Ida
1067 1851 1169 1908 monte
1198 1849 1349 1924 expositus

229 1962 261 2018 ot
282 1958 361 2018 inter
382 1959 518 2034 pastores
542 1956 684 2018 educatus
708 1959 755 2017 est
778 1949 848 2038 (hoc
870 1955 901 2034 iu
923 1955 1039 2016 lacuna·
1052 1957 1123 2031 post
1145 1943 1265 2016 versum
1283 1957 1347 2032 XV,

230 2068 272 2127 50
295 2067 388 2126 fuisse
412 2059 596 2145 statuimus).
642 2064 724 2124 Haec
747 2064 875 2141 quidem,
898 2082 974 2140 quae
998 2062 1079 2138 apud
1101 2062 1267 2122 Homerum
1290 2082 1349 2122 non

228 2174 433 2247 inveniuntur,
460 2175 623 2234 narrantur
650 2172 729 2248 apud
755 2171 886 2248 tragicos
913 2189 1037 2249 graecos
1063 2170 1248 2247 maximeque
1271 2170 1351 2246 apud

232 2280 406 2356 Euripidem
435 2272 484 2361 (ef.
508 2279 651 2339 Androm
676 2281 740 2340 294
765 2280 1042 2356 sq.,575,1290;
1075 2276 1350 2354 Weloker,griech.

231 2387 320 2464 Trag.
343 2409 372 2464 p
395 2379 595 2468 roa—476).

320 2493 368 2553 Ab
397 2492 509 2553 eisdem
538 2493 669 2569 pendent
691 2494 819 2554 Romani
845 2512 963 2571 quoque
990 2495 1096 2569 poetae
1119 2491 1239 2570 tragici,
1267 2493 1352 2564 velut

231 2601 347 2662 Ennius
378 2591 429 2681 (cf.
456 2591 596 2682 Ribbeck,
619 2607 692 2662 rdm.
720 2601 810 2677 Trag.
837 2620 866 2677 p.
891 2603 931 2660 81
958 2592 1015 2681 sq.)
1046 2599 1177 2675 itemque
1200 2598 1355 2676 Hyginum

229 2728 295 2769 oum
328 2707 508 2768 Dracontius
540 2707 661 2783 quidem
691 2709 836 2799 nonnulla
866 2706 987 2766 fabulae
1019 2707 1201 2766 lineamenta
1233 2705 1351 2765 dlverso

229 2815 316 2875 modo
339 2815 498 2874 adumbret
521 2809 571 2894 (cf.
596 2815 672 2876 Mus.
695 2815 788 2874 Rhen.
812 2803 937 2891 XXVII,
959 2833 988 2890 p.
1013 2806 1102 2895 477).

321 2921 407 2992 Quod
430 2922 462 2980 in
484 2921 556 2980 Idae
580 2921 732 2981 montibus
756 2917 835 3001 (XV,
850 2912 906 3001 95)
931 2914 1086 2996 ‘Nymphis
1109 2938 1235 2996 ucraque
1257 2937 1351 2979 cmor-

232 3047 285 3102 quc
307 3023 389 3105 sutt',
412 3047 480 3087 cum
505 3027 643 3088 dilexerit
666 3025 809 3088 Oenonen
830 3019 927 3109 (XVI,
952 3021 1044 3106 195),
1071 3029 1161 3102 poeta
1184 3029 1264 3086 certe
1292 3045 1352 3084 non

231 3154 248 3194 c
265 3135 363 3211 poetis
381 3133 593 3194 Alexandrinis
611 3134 720 3210 hausit,
741 3133 882 3211 quoniam
896 3131 1020 3194 Ovidius
1038 3133 1101 3210 ipse
1120 3134 1158 3192 de
1176 3133 1232 3192 hoc
1250 3151 1351 3192 amore

231 3243 314 3320 large
337 3241 470 3318 loquitur
495 3232 570 3323 (her.
594 3234 644 3321 V).
691 3239 777 3310 Quod
799 3239 906 3298 deinde
928 3243 1033 3299 narrat
1054 3242 1117 3300 tres
1145 3239 1217 3298 deas
1240 3239 1351 3316 Paridi,

233 3368 300 3408 cum
322 3351 427 3426 pastor
449 3349 481 3407 in
503 3347 574 3406 Idae
597 3347 749 3408 montibus
772 3349 959 3422 versaretur,
988 3347 1136 3406 Mercurio
1163 3347 1237 3406 duce
1260 3364 1350 3422 appa·

231 3456 325 3515 ruisse
348 3447 399 3538 (cf.
423 3455 487 3531 XV,
512 3457 657 3532 53--893
679 3453 760 3530 XVI,
785 3447 864 3536 242)
888 3456 1008 3513 orantes
1031 3457 1078 3532 ut,
1101 3471 1248 3530 quaenam
1271 3455 1350 3513 osset

230 3563 422 3639 pulcerrima,
454 3562 643 3638 diiudicaret,
680 3563 759 3621 certe
792 3581 828 3621 ex
860 3561 1077 3638 antiquioribus
1109 3560 1220 3620 fabulis
1255 3560 1350 3620 fluxit.

231 3669 324 3728 uma
347 3669 427 3728 enim
449 3670 509 3730 aua
531 3688 620 3730 causa
642 3668 744 3730 iuuet
766 3669 904 3746 affertur,
931 3667 990 3727 nisi
1012 3669 1046 3727 ut
1073 3653 1156 3728 iussu
1179 3667 1259 3728 Iovis
1288 3686 1349 3728 eer-

230 3776 346 3836 tamIna
373 3776 461 3836 sistat
487 3777 611 3836 dearum
635 3767 714 3858 (XV,
739 3771 803 3857 69).
850 3775 989 3834 Nondum
1013 3792 1110 3834 sermo
1134 3777 1180 3835 est
1202 3774 1240 3836 de
1262 3794 1350 3852 pomo

305 3969 330 4034 l)
350 3967 391 4022 De
415 3963 524 4020 Helena
547 3963 581 4018 cf.
605 3962 686 4018 Hom.
706 3962 757 4016 Od.
776 3962 823 4030 IV,
845 3968 905 4031 145,
923 3968 989 4030 2603
1013 3961 1044 4018 H.
1063 3961 1112 4033 III,
1133 3968 1192 4031 180,
1211 3969 1277 4030 4⁰⁰3
1302 3961 1351 4030 Vl,

233 4060 299 4122 3443
320 4054 419 4124 XXIV,
440 4058 504 4122 rot,
522 4052 557 4120 ll,
577 4057 638 4120 355,
657 4056 724 4118 590;
743 4051 790 4119 ΙΠ,
810 4057 874 4113 174ς
898 4051 933 4106 de
951 4050 1052 4106 Paride
1072 4069 1116 4120 ep.
1137 4052 1198 4122 XV,
1218 4058 1252 4106 93
1271 4053 1300 4106 et
1318 4049 1349 4104 ll.

236 4143 284 4213 ιιι,
303 4149 347 4212 ao,
367 4149 414 4212 su
433 4159 477 4214 ep.
496 4143 557 4210 xv,
575 4147 626 4198 soa
647 4143 676 4196 et
694 4141 768 4209 XVI,
787 4146 837 4196 am
858 4157 922 4194 eum
940 4140 972 4195 ιι.
991 4139 1040 4211 ιιι,
1059 4145 1112 4195 rao
1130 4157 1170 4208 sq.

306 4235 334 4300 2)
354 4229 466 4287 Similes
492 4233 557 4287 suut
583 4231 662 4287 velut
686 4246 729 4300 ep.
753 4229 813 4298 XV,
835 4235 876 4297 15,
895 4235 938 4298 27,
957 4233 992 4284 35
1015 4230 1045 4284 et
1066 4229 1131 4282 Eur.
1151 4227 1212 4282 Hel.
1232 4234 1280 4294 293
1304 4245 1349 4300 cp.

233 4322 293 4393 xv,
312 4327 380 4390 acu
398 4321 472 4388 xvl,
492 4327 543 4377 154
562 4338 613 4394 sq,
632 4327 682 4377 rea
702 4337 742 4392 sq.
763 4320 792 4376 et
809 4319 874 4376 Eur.
894 4317 996 4378 Trocd.
1016 4323 1076 4375 943.
