3206 4928
643 409 857 478 119„

187 596 246 656 etsi
283 601 434 674 suspectos
472 596 585 671 habeo,
621 599 723 656 tamen
760 595 957 655 condemnare
994 614 1072 655 nuno
1108 613 1168 656 non
1205 595 1309 655 ausim.

69 747 72 752 ,
190 704 376 782 Quamquam
399 723 454 781 ego
478 723 538 763 non
560 705 679 764 tautum
697 703 773 762 mihi
795 721 923 780 assumo,
947 706 982 763 ut
1005 707 1058 763 aut
1081 722 1182 763 omnes
1205 721 1309 762 versus

189 812 305 888 spurios
324 831 372 871 me
391 812 541 873 invenisse
560 815 613 872 aut
630 808 691 873 no'n
702 811 768 870 'nisi
785 830 855 870 vere
874 814 1015 887 certoque
1035 807 1208 870 subditicios
1224 811 1310 869 obelo

189 918 371 995 significasse
395 917 550 980 affirmem.

716 1057 788 1138 52.

280 1203 387 1280 Atque,
411 1224 448 1263 ne
468 1204 562 1264 omnis
580 1207 701 1265 nostrae
721 1202 963 1263 commentationi
982 1201 1060 1261 desit
1079 1201 1159 1278 ordo,
1181 1201 1311 1277 primum

189 1310 243 1368 illa
265 1311 441 1386 colligemus
464 1310 591 1370 disticha
613 1311 729 1384 ficticia,
753 1330 828 1387 quae
853 1310 1016 1370 sententias
1038 1309 1088 1368 vel
1108 1308 1241 1385 proxime
1264 1307 1312 1371 val

188 1416 324 1491 pluribus
352 1418 538 1494 interpositis
567 1418 630 1478 sive
652 1418 863 1494 praecedentes
887 1416 1039 1491 repetant,
1067 1414 1129 1473 sive
1154 1418 1312 1489 sequentes

188 1522 373 1600 praeripiant
395 1523 549 1600 paulisper
571 1524 695 1583 mutatis
719 1523 826 1583 verbis.
891 1535 897 1550 ·

279 1629 392 1688 Verum
424 1632 502 1689 tales
530 1629 742 1707 indagantibus
769 1630 855 1689 nobis
886 1647 991 1708 versus
1019 1645 1136 1688 summa
1164 1645 1237 1704 opus
1265 1630 1312 1686 est

191 1735 336 1796 cautione.
383 1736 471 1813 Nam,
494 1740 529 1796 ut
557 1737 675 1812 saepius
700 1736 892 1796 observatum
918 1739 972 1811 cst,
996 1734 1051 1793 hoo
1068 1737 1176 1810 poetae
1194 1733 1245 1810 qui
1268 1734 1311 1792 di-

191 1841 279 1901 stichi
307 1842 403 1902 forma
431 1845 558 1903 utuntur
582 1844 768 1932 maximeque
792 1841 917 1904 Ovidius
945 1843 1058 1902 habent
1084 1841 1250 1918 proprium,
1278 1843 1313 1900 ut

190 1949 402 2024 cogitationem
439 1949 571 2026 aliquam
603 1950 710 2010 fortius
742 1949 916 2026 producturi
948 1968 1014 2008 eam
1046 1951 1186 2024 repetant
1215 1939 1312 2007 altero

190 2054 316 2116 disticho
340 2055 483 2116 diffictam
509 2059 599 2134 atque
623 2057 719 2116 denuo
742 2057 864 2134 gravius
887 2055 1115 2131 distinctiusque
1134 2071 1312 2130 expressam.

190 2149 294 2238 Itaque
313 2164 457 2224 nonnulla
474 2163 610 2240 disticha,
629 2183 705 2239 quae
723 2164 771 2222 hio
790 2168 844 2222 aut
860 2163 912 2222 illc
932 2163 1021 2221 homo
1040 2162 1144 2221 doctus
1162 2165 1198 2220 ut
1217 2162 1313 2221 otiosa

191 2272 452 2346 suspectaverunt,
474 2289 528 2329 nos
551 2271 699 2330 cautiores
722 2269 912 2330 retineamus.

280 2375 381 2450 Atque
404 2374 530 2463 Lenaius
553 2376 632 2437 falso
654 2377 687 2436 in
710 2376 908 2453 suspicionem
931 2375 1049 2435 vocavit
1071 2395 1098 2434 v.
1122 2375 1162 2452 ss,
1186 2377 1237 2450 29,
1261 2377 1313 2452 30,

192 2499 265 2557 quos
288 2475 432 2558 genuinos
457 2501 521 2542 csse
544 2501 622 2543 nunc
643 2502 745 2542 omnes
764 2486 845 2543 recte
864 2482 1054 2542 consentiunt
1072 2482 1205 2542 homines
1225 2481 1312 2541 docti.

192 2588 290 2646 Minus
318 2589 409 2648 etiam
436 2588 654 2649 concedendum
678 2578 734 2669 ¹cst
766 2589 960 2665 Sedlmayero
996 2582 1029 2669 (1.
1052 2608 1076 2648 c.
1099 2609 1127 2664 p.
1153 2591 1246 2650 8011.
1271 2591 1312 2648 60

192 2695 247 2752 sub
275 2690 379 2777 finem)
408 2699 524 2772 spurios
552 2715 617 2756 esse
645 2715 749 2758 versus
773 2695 872 2772 XVII,
898 2699 959 2756 121
981 2714 1037 2772 sq,
1065 2696 1204 2772 quoniam
1227 2689 1313 2754 ‘nihil

191 2800 248 2859 nisi
276 2805 431 2878 repetatur
453 2803 514 2862 illis
538 2803 687 2862 sententia
709 2821 786 2879 quae
809 2803 881 2862 insit
903 2803 935 2861 in
956 2823 985 2862 v.
1009 2804 1081 2878 119,
1107 2794 1189 2861 120².
1235 2801 1312 2859 Nam

191 2910 310 2967 tantum
333 2909 428 2985 abest,
451 2912 486 2967 ut
508 2909 540 2967 in
562 2910 618 2968 hoc
641 2909 768 2968 disticho
792 2908 895 2968 eadem
917 2910 1082 2984 exponatur
1101 2906 1250 2966 sententia
1267 2910 1310 2966 at-

193 3031 252 3088 que
275 3014 306 3070 in
328 3015 462 3088 proximo
485 3015 620 3091 disticho,
643 3019 678 3074 ut
698 3014 871 3074 intendatur
889 3033 1024 3090 novaque
1042 3013 1173 3089 imagine
1191 3013 1313 3072 minime

193 3119 311 3196 vulgari
333 3123 480 3196 augeatur
503 3121 612 3197 orati03
635 3141 730 3197 neque
752 3122 814 3180 ulla
833 3122 892 3181 alia
910 3139 1000 3180 causa
1017 3119 1211 3179 confirmatur
1229 3118 1312 3178 Sedl-

192 3225 308 3301 mayeri
340 3225 497 3285 sententia.
549 3226 633 3296 Quod
665 3230 744 3288 enim
776 3231 895 3286 secutus
923 3219 1212 3306 Eschenburgium¹)
1245 3244 1312 3299 pro·

106 3355 111 3368 ·’
193 3332 312 3391 ductam
340 3332 421 3392 vocis
449 3325 566 3391 ‘credis’
596 3333 743 3408 syllabam
767 3326 815 3392 ‘is'
839 3334 918 3408 apud
941 3331 1079 3391 Ovidium
1102 3351 1249 3406 nusquam
1272 3331 1313 3388 in-

193 3439 288 3498 veniri
311 3438 391 3512 dicit,
414 3438 482 3497 inde
505 3439 561 3498 hoc
584 3457 677 3497 unum
699 3438 874 3498 concludere
898 3438 1002 3498 debuit
1024 3439 1122 3498 locum
1145 3438 1315 3498 coniectura

193 3563 258 3604 esse
281 3543 466 3605 tentandum.
502 3545 644 3606 Fortasse
666 3545 760 3622 igitur
782 3546 892 3606 collato
915 3564 1004 3606 versu
1022 3543 1086 3620 XV,
1101 3546 1164 3604 143
1184 3543 1312 3604 scriben-

193 3651 264 3711 dum
288 3653 335 3709 est
357 3629 463 3710 ‘credis
487 3656 519 3710 ct
540 3651 597 3711 hoc
618 3645 752 3728 nobis‘l’3
774 3651 849 3710 nihil
872 3670 942 3712 vero
966 3650 1091 3710 affirmo

281 3758 382 3834 Atque
410 3755 549 3817 similiter
580 3758 633 3818 alii
660 3760 837 3818 erraverunt
865 3757 939 3816 alios
967 3757 1197 3817 condemnantes
1224 3758 1314 3835 locos,

192 3883 267 3942 quos
295 3844 363 3923 cum
391 3882 494 3922 eorum
517 3865 705 3924 coniecturae
728 3883 787 3930 non
810 3863 871 3923 sint
892 3864 1045 3939 probatae,
1069 3865 1245 3942 singillatim
1268 3883 1313 3924 re-

193 3971 297 4030 fellere
317 3968 504 4046 supersedeo.
535 3968 634 4028 Unum
650 3970 747 4030 locum
761 3969 927 4029 accuratius
936 3971 1073 4030 ,tractare
1087 3969 1185 4046 liccat,
1202 3970 1314 4047 quippe

195 4077 306 4153 inquo
330 4077 383 4154 sit,
406 4075 485 4152 quod
508 4075 700 4135 offensionem
723 4077 880 4153 praebeat,
908 4094 1012 4136 versus
1036 4095 1080 4152 ep.
1099 4076 1123 4152 Ι,
1145 4080 1216 4153 111,
1242 4078 1314 4154 112,

236 4201 247 4206 ψ
267 4250 293 4317 1)
311 4245 462 4302 Metrische
481 4246 732 4315 Untersuohungeu
750 4246 820 4301 tiber
838 4244 883 4300 die
897 4244 1032 4300 Echtheit
1049 4244 1099 4300 der
1111 4243 1247 4298 Heroides
1265 4243 1319 4298 des

195 4335 269 4392 ovid
286 4335 315 4390 in
335 4351 427 4406 progr.
446 4335 617 4389 Lubeccensi
637 4351 661 4388 a.
683 4338 751 4390 1874
770 4352 797 4405 p.
814 4337 854 4388 18.

1063 4420 1229 4500 211ἱ
