3206 4928
687 409 904 474 ..15.„

230 589 374 652 lectiones
402 611 420 651 a
447 589 571 652 Loersio
595 590 697 652 eiusve
721 591 908 654 adiutoribus
930 613 1001 654 vere
1026 596 1056 653 et
1079 592 1192 652 sineere
1216 596 1355 658 enotatas

230 698 298 760 sint.
345 699 403 760 Sed
431 699 502 760 lieet
529 701 585 760 hae
613 699 733 777 quidem
760 703 842 760 recte
869 719 900 760 se
928 701 1072 778 habeant,
1094 701 1144 761 vel
1170 720 1266 777 pauca
1292 702 1354 778 illa,

228 824 305 883 quae
329 805 365 864 de
389 806 497 865 horum
519 807 666 866 librorum
685 807 842 883 scripturis
860 811 933 867 uota
951 811 1030 876 suut,
1055 826 1105 867 eos
1124 810 1156 868 et
1174 807 1353 884 Guelferby-

229 915 301 972 tauo
330 915 361 974 et
382 913 528 974 Etonensi
556 914 661 974 affines
685 933 750 974 esse
777 918 909 992 arguunt
937 905 988 997 (cf.
1014 914 1199 993 Sedlmayeri
1226 915 1355 975 tabellas

228 1022 291 1081 lc.
313 1041 343 1098 p.
370 1024 412 1082 49
433 1016 515 1098 sq.).¹
553 1019 657 1082 Omnis
695 1021 790 1099 igitur
823 1022 1024 1082 recentiorum
1060 1022 1205 1082 librorum
1237 1023 1354 1098 turbae,

229 1127 287 1187 etsi
318 1127 371 1187 alii
401 1127 468 1188 aliis
494 1129 564 1205 plus
591 1128 727 1188 minusve
753 1128 902 1205 inquinati
929 1132 1013 1206 sunt,
1046 1129 1171 1189 eandem
1197 1129 1261 1190 fere
1289 1148 1354 1189 esse

230 1234 377 1294 rationem
399 1254 505 1296 censeo
529 1237 619 1312 atquc
643 1228 837 1318 Gissem1s1).

319 1341 425 1418 Itaque
444 1344 487 1418 ut,
506 1361 583 1418 quae
602 1343 754 1420 hucusque
773 1341 1001 1419 disputavimus,
1020 1341 1152 1402 breviter
1171 1341 1355 1420 colligamus,

227 1448 358 1525 genuina
380 1467 522 1509 versuum
540 1450 646 1511 forma
656 1450 836 1526 continetur,
858 1452 894 1508 ut
915 1467 1068 1526 nunquam
1085 1468 1146 1509 non
1164 1449 1259 1510 statui
1277 1451 1352 1509 sole·

228 1556 294 1632 bat,
321 1555 468 1632 imprimis
496 1557 595 1616 codice
621 1556 788 1636 Puteaueo,
816 1555 922 1615 deinde
950 1555 1067 1616 cautius
1095 1533 1280 1617 adlribendns
1307 1558 1356 1617 est

229 1661 494 1740 Guelferbytanae,
515 1643 667 1738 postremo
690 1663 755 1722 loco
777 1662 952 1738 Etonensis3
976 1663 1156 1724 relicuorum
1178 1664 1299 1723 turbam
1323 1664 1355 1722 in

228 1769 271 1828 eis
289 1769 426 1829 versibus
440 1787 514 1846 quos
528 1768 621 1829 habet
634 1768 805 1830 Puteaneus
818 1769 908 1846 plane
921 1770 1139 1847 neglegendam
1153 1789 1218 1830 esse
1232 1789 1353 1846 censeo,

227 1895 301 1952 quos
323 1895 396 1937 vero
418 1876 589 1938 Puteaneus
611 1876 794 1954 nonhabet,
816 1877 975 1954 praecipue
999 1878 1199 1938 constituendi
1222 1879 1294 1937 sunt
1316 1896 1352 1936 ex

228 1981 478 2062 Guelferbytano,
505 1984 615 2062 quippe
643 1985 695 2061 qui
720 1984 853 2044 omnium
875 1984 1009 2061 proxime
1033 1984 1071 2043 ad
1094 1985 1281 2056 Puteaneum
1304 2003 1350 2043 ac·

226 2090 325 2167 eedat;
348 2109 444 2169 neque
466 2092 526 2152 nisi
547 2091 703 2168 perpaucis
727 2091 799 2150 locis
823 2109 913 2150 eausa
936 2091 1007 2170 erit,
1036 2109 1088 2149 cur
1111 2092 1149 2150 ab
1172 2091 1236 2150 eius
1260 2091 1351 2168 serip-

226 2199 302 2258 turis
326 2198 512 2275 recedamus3
536 2197 716 2257 relicuorum
740 2196 920 2272 scripturae,
947 2195 1043 2255 veluti
1066 2195 1216 2282 editorum
1237 2197 1350 2256 coniec-

226 2306 322 2380 turae,
344 2304 402 2363 nisi
420 2302 598 2364 certissimis
622 2302 787 2362 rationibus
810 2303 964 2380 probatae,
987 2301 1174 2378 recipiendae
1192 2323 1252 2364 non
1271 2305 1351 2367 sunt.

315 2412 419 2488 Neque
441 2415 544 2471 tamen
565 2410 611 2471 illi
633 2410 712 2487 libri,
737 2428 812 2486 quos
835 2410 968 2470 omnium
991 2409 1120 2486 optimos
1144 2428 1209 2470 esee
1232 2411 1349 2471 intelle-

226 2517 331 2596 ximus,
355 2537 389 2578 ac
412 2537 449 2578 ne
473 2518 643 2578 Puteaneus
665 2516 794 2594 quidem,
818 2516 1014 2594 epistularum
1037 2516 1241 2594 incorruptam
1260 2517 1351 2578 tradi-

226 2624 334 2684 derunt
356 2626 497 2686 formam:
520 2625 608 2687 mitto
631 2624 739 2684 menda
756 2624 915 2702 permulta,
939 2623 1046 2700 quibus
1065 2624 1170 2684 referti
1189 2630 1268 2701 sunt,
1290 2643 1350 2684 non

225 2732 290 2793 dieo
308 2732 345 2791 de
363 2733 628 2810 grammaticorum
647 2730 835 2807 coniecturis,
853 2749 929 2809 quae
948 2749 986 2788 ne
1004 2730 1035 2788 in
1049 2730 1201 2790 Puteaneo
1220 2730 1349 2810 quidem,

225 2840 282 2899 etsi
301 2840 397 2901 rarius
412 2843 586 2918 appareant,
604 2839 708 2900 deesse
722 2838 874 2915 videntur,
892 2840 1049 2914 praetereo
1068 2837 1159 2898 etiam
1176 2838 1245 2898 illos
1259 2838 1348 2914 locos,

225 2947 277 3006 ubi
299 2949 429 3026 lacunas,
452 2966 526 3024 quas
550 2947 581 3005 in
603 2946 669 3024 ipso
691 2945 838 3005 Puteanei
856 2945 1021 3022 archetypo
1043 2944 1136 3004 subse
1155 2945 1349 3005 statuendum

225 3057 285 3130 est,
317 3056 541 3132 compleverunt
567 3053 769 3131 grammatici:
802 3052 932 3130 primum
958 3052 990 3112 in
1017 3052 1073 3112 hae
1100 3052 1347 3113 commentatiun-

225 3162 292 3220 cula
318 3161 416 3222 dicam
442 3160 479 3220 de
506 3161 642 3221 uersibus
670 3159 807 3220 insitioiis
836 3159 893 3234 eis,
920 3158 1134 3236 quiquoniam
1157 3159 1189 3216 in
1211 3159 1348 3218 omnibus

224 3269 309 3328 libris
332 3269 519 3345 comparent,
545 3267 614 3326 inde
637 3267 698 3332 iam
721 3267 887 3344 antiquitus
910 3265 1047 3326 heroides
1070 3267 1216 3328 invasisse
1240 3285 1348 3343 cogno-

224 3381 355 3439 scuntur.

312 3485 452 3544 Alterum
479 3487 581 3549 autem
607 3502 703 3561 neque
731 3482 828 3543 minus
851 3500 943 3560 grave
967 3480 1099 3542 omnium
1122 3480 1269 3559 codicum,
1297 3480 1348 3559 qui

224 3590 343 3665 quidem
369 3611 448 3652 nunc
474 3590 587 3670 cogniti
617 3591 779 3667 habentur,
806 3589 992 3652 vitiumhoc
1016 3593 1075 3664 est,
1102 3588 1181 3667 quod
1204 3587 1348 3647 omittunt

221 3700 391 3774 complures
418 3699 498 3760 locos
525 3699 669 3777 genuinos
693 3702 783 3775 atque
806 3697 903 3758 ineis
926 3697 1001 3756 duas
1024 3697 1222 3774 epistularum
1244 3698 1347 3773 partes

224 3805 361 3882 maiores,
384 3825 460 3883 quae
484 3807 559 3866 alias
583 3825 654 3866 casu
676 3795 786 3882 aliquo'
801 3808 938 3865 servatae
963 3823 1027 3864 esse
1045 3803 1194 3865 videntur.
1234 3803 1280 3862 De
1299 3803 1345 3861 hie

223 3933 340 3990 quoque
362 3914 448 3974 nobis
471 3912 550 3972 infra
573 3896 728 3971 dicendum
753 3911 822 3973 erit.
947 3883 966 3899 ⁸

222 4189 264 4244 ita
279 4192 311 4244 ut
334 4191 392 4245 dixi
411 4209 472 4247 esse
496 4191 675 4260 comparatos
695 4186 766 4257 vidi,
790 4188 909 4243 eumad
928 4189 1076 4245 nonnullas
1095 4189 1231 4259 epistulas
1251 4188 1343 4247 varias

221 4278 337 4333 illorum
355 4279 491 4336 lectiones
509 4281 630 4351 benigno
650 4277 720 4332 mihi
738 4276 902 4333 tradidisset
919 4277 1076 4349 Diltheyus.
