3206 4928
598 403 883 466 ...35...

215 581 414 658 enumeravit,
447 601 522 660 quae
547 583 584 642 de
598 585 731 663 coniuge
754 587 878 646 absente
901 587 1052 648 timuisset
1075 592 1105 648 et
1133 609 1192 666 qua
1218 591 1334 652 ratione

214 707 281 746 eum
304 689 525 767 anquisiuisset,
548 691 617 751 inde
640 712 771 754 eversu
795 697 835 754 81
861 695 961 772 pergit
983 715 1115 774 narrare,
1138 700 1252 772 quanta
1275 698 1334 758 sibi

214 795 293 855 male
315 796 437 874 instent,
459 799 638 873 praesertim
657 819 725 859 cum
745 806 867 878 epatre
886 797 988 862 ‘viduo
1007 803 1158 864 discedere
1177 800 1266 866 lecto’
1286 824 1333 866 co-

211 906 309 980 getur.
361 904 433 982 Sed,
465 905 576 983 inquit,
609 908 763 985 increpare
791 910 878 968 illum
905 910 1009 987 licere,
1041 930 1073 970 se
1102 930 1219 988 semper
1251 912 1334 971 Ulixi

211 1009 300 1068 fidem
323 1016 511 1072 servaturam
525 1003 608 1075 ¹esse.
655 1015 733 1073 Tum
757 1019 923 1092 sequuntur
944 1035 1049 1076 versus
1074 1018 1126 1094 85,
1150 1019 1206 1077 86:

375 1138 444 1216 Ipse
467 1143 570 1199 tamen
591 1141 705 1218 pietate
729 1161 796 1200 mea
818 1142 1015 1219 precibusque
1038 1141 1154 1220 pudicis

424 1245 587 1324 Frangitur
610 1251 641 1306 et
664 1248 743 1308 vires
764 1249 916 1324 ‚temperat
938 1249 1004 1326 ipse
1027 1267 1105 1311 suas.

212 1367 294 1438 Quae
317 1387 374 1429 uox
396 1370 493 1444 primo
521 1372 631 1432 obtutu
658 1372 822 1448 suspiciosa
849 1372 982 1450 videtur,
1010 1367 1193 1450 ‘frangitur'‚
1220 1373 1330 1450 quippe

210 1493 286 1548 quae
308 1493 454 1552 nusquam
478 1478 534 1536 tali
557 1498 646 1538 seusu
669 1480 806 1539 absolute
830 1483 992 1556 usurpetur
1015 1481 1053 1538 ab
1077 1478 1184 1541 Ouidio
1209 1472 1260 1562 (cf.
1281 1481 1330 1540 Tr.

209 1580 264 1656 111,
288 1583 337 1658 14,
358 1584 412 1659 323
436 1585 517 1645 uase.
533 1585 560 1660 ΝΙ,
582 1588 659 1663 3013
683 1586 754 1645 uec.
773 1585 841 1662 xri,
862 1588 940 1661 3493
964 1586 1016 1663 nr,
1038 1588 1114 1663 7303
1138 1585 1222 1662 rur,
1241 1580 1331 1667 sos),

174 1767 177 1771 .
209 1686 272 1745 sine
296 1688 386 1749 dubio
409 1694 551 1768 corrupta
574 1696 621 1752 est
644 1711 680 1750 ex
702 1685 865 1776 ‘tangitur'
874 1683 899 1773 ¹)
923 1684 1236 1772 (cf.um.11‚4,45;
1259 1693 1329 1754 Met.
1404 1683 1406 1687 ’

209 1791 250 1868 II,
273 1788 360 1876 584).
406 1798 536 1858 Defeudi
558 1802 660 1859 eutem
679 1817 738 1859 non
761 1801 863 1875 potest
886 1797 1075 1858 enuntiatum
1103 1791 1194 1859 ‘vires
1217 1801 1330 1876 tempe-

209 1904 257 1960 rat
283 1901 347 1978 ipse
375 1898 465 1966 suas’.
511 1903 554 1964 Ut
581 1906 720 1965 omittam
747 1905 815 1966 voci
842 1898 945 1964 ‘vires'
975 1905 1025 1964 vix
1041 1889 1146 1964 'inesse
1169 1887 1254 1963 illem
1276 1925 1328 1965 no-

208 2007 333 2086 tionem,
366 2029 441 2086 quse
468 2010 524 2070 hoc
550 2011 614 2071 loeo
644 2011 838 2089 significanda
867 2015 925 2087 est,
955 2030 1107 2086 nunquam
1135 2031 1153 2070 s
1185 2012 1329 2090 scriptore

206 2115 269 2174 ullo
293 2116 387 2176 latino
410 2122 575 2194 usurpetur
597 2137 667 2195 vox,
694 2112 785 2178 ‘vires
809 2111 989 2193 temperare'
1012 2118 1062 2178 vel
1086 2118 1183 2176 simite
1206 2119 1328 2195 aliquid,

206 2221 265 2280 uisi
292 2222 395 2282 addito
423 2224 570 2302 ablativo,
602 2243 661 2300 quo
690 2223 886 2302 significetur,
915 2243 974 2300 qua
1001 2243 1034 2282 re
1057 2226 1106 2284 vel
1124 2207 1189 2302 'qua
1211 2224 1328 2284 ratione

108 2326 113 2334 ’
206 2331 391 2407 temperetur
418 2332 463 2390 rei
490 2331 587 2393 alicui.
611 2363 653 2373 —-
678 2329 798 2408 Cogitet
825 2331 953 2391 forsitan
976 2330 1124 2408 quispiam
1147 2331 1184 2390 de
1205 2350 1327 2411 corrup-
1382 2400 1385 2405 .

206 2436 280 2511 tela,
313 2439 348 2495 ut
375 2436 517 2498 Heinsius
549 2433 592 2498 ‘et
623 2438 702 2500 uires
725 2441 881 2515 temperet
908 2437 955 2497 ira
982 2430 1063 2496 suas'
1092 2417 1181 2514 atque
1208 2421 1333 2500 Riesius¹

206 2535 307 2618 ‘atque
330 2543 390 2603 iras
413 2549 563 2621 temperat
585 2547 649 2621 ipse
673 2540 753 2604 suas'
781 2551 1002 2622 proposuerunt
1030 2545 1223 2604 coniecturas.
1269 2547 1327 2606 Sed

205 2648 286 2708 illius
309 2649 464 2710 inventum
487 2652 611 2712 mirifice
634 2671 653 2711 a
675 2632 857 2729 cogitatione
875 2651 1026 2728 abhorret,
1050 2651 1087 2709 de
1105 2651 1161 2710 hac
1180 2649 1327 2727 scriptura

204 2756 284 2814 idem
306 2761 402 2818 restet
426 2760 581 2835 scrupulus
605 2762 694 2835 etque
719 2759 755 2819 de
778 2758 913 2818 codicum
940 2759 1076 2818 lectione.
1121 2759 1225 2834 Neque
1255 2780 1325 2820 uero
1350 2751 1352 2757 ’

205 2864 380 2924 metendum
408 2884 473 2924 esse
500 2865 663 2942 quidquam
690 2870 777 2943 put03
809 2865 930 2925 fluxisse
959 2865 1038 2924 enim
1065 2863 1205 2926 videntur·
1234 2866 1352 2925 verbu·

205 2988 241 3027 ex
264 2971 349 3047 epist.
373 2990 390 3030 e
413 2971 443 3031 P.
469 2972 526 3050 III,
551 2975 579 3050 6,
604 2975 645 3031 24
669 2973 825 3033 memoria:

487 3094 609 3156 Iustitia
631 3099 708 3157 eires
730 3102 868 3171 tenuerat
889 3097 938 3157 iile
959 3115 1038 3156 suas.

204 3221 303 3296 Atque
327 3224 362 3280 ut
384 3221 438 3281 illa
460 3222 608 3282 removeri
630 3226 733 3298 posset
756 3222 887 3298 offensio,
911 3222 1004 3282 totius
1028 3221 1085 3280 loci
1109 3221 1257 3280 sententia
1275 3241 1323 3281 co·

174 3312 177 3322 ’
202 3327 442 3403 gitationumque
460 3346 553 3386 nexus
571 3347 677 3403 parum
696 3329 860 3404 probabilis
879 3333 933 3388 est.
975 3328 1111 3404 Apparet
1135 3329 1211 3387 enim
1235 3329 1323 3404 plane
1357 3411 1359 3413 Ι

203 3433 352 3493 contraria
384 3434 453 3494 addi
485 3438 538 3494 eut
565 3439 644 3494 certo
672 3434 766 3494 totius
795 3435 961 3495 sententiae
989 3435 1050 3496 uim
1077 3453 1200 3512 prorsus
1230 3435 1323 3494 deleri

203 3539 249 3598 his
272 3541 393 3602 insertis
416 3541 565 3618 versibus,
589 3541 615 3601 si
637 3541 772 3602 conferes
796 3544 836 3602 81
862 3560 917 3617 sq:

362 3649 410 3708 Me
432 3652 520 3724 pater
542 3695 571 3710 ..

407 3753 489 3830 Cogit
511 3759 542 3814 et
564 3755 726 3816 immensas
749 3755 998 3832 increpatusque
1021 3773 1135 3833 moras,

360 3861 491 3938 Increpet
512 3862 708 3941 usqueulieet.
755 3864 821 3930 Tne
845 3881 911 3922 sum

275 4053 300 4116 1)
319 4047 444 4104 Fulcitur
461 4049 532 4104 heee
553 4047 714 4128 copiectura
732 4067 766 4104 ea
784 4067 823 4119 re,
842 4051 918 4118 quod
937 4052 967 4105 et
984 4051 1069 4105 facile
1089 4049 1255 4107 commutari
1269 4068 1319 4121 po-

200 4139 316 4192 tnerunt
335 4137 370 4192 ‘t'
391 4140 421 4193 ct
441 4137 489 4191 ‘fr’
510 4153 528 4192 a
546 4136 669 4192 librariis
688 4139 717 4192 et
735 4155 834 4193 revere
853 4141 1062 4194 commutantur
1079 4139 1220 4193 interdum
1238 4139 1317 4194 velut

201 4243 219 4280 a
237 4226 369 4293 quattuor
387 4225 531 4282 codicibus
551 4243 594 4296 ep.
613 4227 636 4293 Ι,
650 4233 684 4282 42
704 4227 751 4296 (ei.
771 4227 894 4281 Palmeri
914 4227 981 4282 edit.
996 4227 1033 4282 ad
1052 4227 1091 4298 1.).
1128 4227 1255 4295 Itemque
1274 4245 1317 4296 ep.

201 4314 262 4382 VII,
274 4319 323 4369 169
337 4331 388 4383 pro
404 4313 576 4384 ‘frangentia
589 4315 667 4370 litus’
686 4316 837 4386 legendum
852 4333 911 4372 esse
927 4316 1039 4374 videtur
1056 4315 1214 4386 ‘tangentia
1228 4315 1315 4371 litus’

1068 4406 1105 4458 3*
