3206 4928
742 367 958 432 marr„

173 625 175 630 Α
284 545 329 609 Ol
343 547 424 626 XVI,
441 551 503 608 115
586 552 684 612 ...et
707 549 738 610 in
760 551 840 610 altae
864 551 993 612 vallibus
1018 551 1089 613 ldae

533 655 608 716 Tres
631 657 688 717 tibi
712 677 742 717 se
766 657 861 720 nudas
885 658 1044 719 exhibuere
1068 657 1149 718 deae.

285 764 316 822 et
328 761 393 838 XV,
409 764 450 822 53
528 763 586 823 Est
608 763 690 823 loeus
713 763 745 823 in
768 764 873 824 mediis
895 783 1070 826 nemorosae
1093 765 1224 826 vallibus
1247 765 1318 824 Idae

409 873 450 931 65
531 871 663 947 Tresque
686 871 776 930 simul
798 870 884 932 divae
899 918 907 934 .
921 917 950 934 ..

283 974 370 1045 Quod
384 976 439 1036 hoc
453 977 516 1036 loco
533 977 629 1038 nudas
644 997 708 1038 sese
725 978 893 1038 exhibuisse
903 977 1004 1038 Paridi
1018 978 1089 1039 deas
1104 979 1177 1038 dicit
1185 978 1309 1055 Helena,
1323 979 1409 1040 Paris

284 1101 345 1141 non
367 1082 448 1158 item,
471 1084 527 1144 boe
550 1085 617 1144 ideo
640 1103 699 1145 non
722 1085 766 1146 ita
789 1085 957 1162 urgendum
975 1089 1031 1162 est,
1054 1086 1133 1162 quod
1151 1089 1241 1162 poete
1254 1088 1333 1147 certe
1348 1105 1409 1144 non

281 1207 371 1247 unam
390 1189 509 1250 Paridis
528 1191 697 1268 epistulam,
716 1192 768 1252 sed
788 1191 887 1252 Ovidii
905 1211 1022 1272 quoque
1040 1192 1118 1253 huuc
1136 1193 1235 1253 locum
1253 1212 1298 1270 ep.
1312 1192 1349 1267 V,
1365 1194 1406 1252 36

463 1297 553 1358 Venit
585 1298 616 1357 in
648 1299 807 1358 arbitrium
838 1275 919 1358 nuda
949 1299 1084 1360 Minerva
1120 1303 1208 1359 tuum

282 1402 417 1480 aliosque
440 1404 553 1465 similes
576 1408 735 1483 poetarum
756 1407 837 1466 locos
860 1407 892 1466 iu
914 1406 1013 1466 animo
1036 1399 1185 1488 babuit1).

370 1510 485 1571 Deinde
509 1531 615 1572 versus
634 1513 715 1590 XVI,
732 1517 794 1574 117
806 1532 849 1590 sq.
873 1517 1007 1590 spectare
1031 1513 1070 1572 ad
1092 1513 1156 1589 XV,
1172 1515 1212 1573 81
1225 1532 1267 1589 sq.
1290 1531 1349 1572 uon
1368 1511 1407 1571 ad

282 1615 347 1692 XV,
363 1620 426 1678 163
438 1636 480 1694 sq.
503 1623 642 1696 apparet:
1330 1621 1333 1626 ’

282 1722 362 1799 XVI,
380 1728 495 1800 ll‘lsq.
521 1724 646 1802 Unaque
670 1745 737 1786 cum
760 1743 899 1804 regnum,
921 1725 995 1785 belli
1017 1725 1104 1784 daret
1126 1726 1224 1785 altera
1246 1725 1374 1802 laudem,

522 1826 715 1908 ‘Tyndaridis
739 1827 865 1909 coniux’,
888 1832 980 1894 tertia
1003 1832 1078 1892 dixit
1101 1826 1193 1909 ‘eris',

281 1940 313 1995 et
326 1936 390 2015 XV,
406 1939 446 1998 81
460 1957 503 2014 sq.
523 1939 628 2018 Regna
650 1940 730 2000 Iovis
753 1940 860 2000 coniux
881 1941 1027 2002 virtutem
1049 1939 1112 1998 filia
1134 1940 1236 2000 iactat.

585 2049 682 2106 ...et
705 2047 847 2122 pulchrae
869 2046 932 2106 filia
954 2046 1053 2107 Ledae

520 2151 582 2212 Ibit
603 2153 636 2212 in
658 2155 813 2230 amplexus
835 2152 989 2230 pulchrior
1010 2152 1077 2228 ipsa
1099 2156 1175 2213 tuos.

279 2257 408 2318 Maxime
430 2259 627 2334 premendum
649 2263 696 2320 est
718 2279 838 2320 versum
860 2258 941 2336 XVI,
958 2261 1020 2320 126

492 2365 658 2426 Laudatrix
680 2365 783 2426 Venus
806 2369 852 2426 est
875 2365 1028 2448 invidiosa,
1045 2365 1119 2424 mihi

279 2472 428 2548 pertinere
456 2472 494 2531 ad
522 2473 615 2533 verba
643 2492 686 2549 ep.
705 2473 775 2551 XV,
808 2493 883 2550 quae
914 2473 1001 2533 modo
1029 2474 1195 2534 citavimus.
1224 2507 1266 2516 υ
1295 2473 1401 2533 Confe-

280 2581 386 2638 raatur
410 2579 530 2638 deinde:

282 2685 362 2762 XVI,
380 2689 443 2747 120
497 2685 629 2746 Arbitrio
653 2679 780 2748 formam
804 2689 995 2764 supposuisse
1018 2692 1071 2749 tuo

279 2796 310 2852 et
333 2792 396 2870 XV,
413 2795 453 2854 69
495 2795 620 2854 Arbiter
642 2813 674 2854 aa
698 2795 820 2854 formae.

280 2899 357 2958 Tum
380 2919 485 2961 versus
508 2903 588 2980 XVI,
605 2905 668 2962 134
692 2906 882 2979 comparetur
904 2921 972 2963 eum
994 2922 1021 2964 v.
1037 2902 1101 2977 XV,
1117 2904 1168 2962 87.

279 3006 394 3066 oona
418 3008 455 3066 ef.
469 3009 550 3086 xvi,
566 3011 642 3070 aar:
858 2989 867 3008 '

378 3115 441 3174 Fax
464 3135 581 3191 quoque
605 3135 652 3174 me
676 3118 784 3191 terret,
808 3136 898 3193 quam
921 3137 952 3177 se
974 3119 1126 3194 peperisse
1149 3121 1303 3178 cruentam

421 3225 500 3283 Ante
524 3223 603 3282 diem
625 3227 729 3300 partus
753 3228 799 3285 est
822 3227 875 3283 tua
898 3225 963 3285 visa
985 3244 1105 3301 parens:

377 3331 416 3390 Et
442 3333 543 3391 vatum
565 3331 657 3390 timeo
680 3331 825 3406 monitus,
848 3349 922 3407 quos
945 3331 1013 3407 igne
1037 3331 1164 3409 Pelasgo

421 3437 499 3496 Ilion
522 3455 660 3496 arsurum
683 3438 906 3514 praemonuisse
928 3438 1038 3511 ferunt,

279 3549 322 3628 et,
346 3544 377 3602 in
401 3545 509 3621 quibus
533 3544 604 3603 solis
627 3549 789 3602 narrantur
811 3544 883 3603 haec
907 3563 925 3602 a
947 3544 1066 3603 Paride:

278 3650 343 3729 XV,
358 3653 399 3711 45
433 3650 491 3708 Illa
514 3650 571 3708 sibi
593 3649 746 3726 ingentem
768 3651 834 3710 visa
857 3654 903 3710 est
926 3651 982 3710 sub
1005 3651 1135 3728 imagine
1158 3651 1253 3711 somni

477 3757 701 3818 Flammiferam
723 3758 811 3834 pleno
835 3756 958 3817 reddere
981 3761 1085 3818 ventre
1108 3758 1225 3820 facem.
1241 3806 1267 3858 '.'

351 3946 378 4013 1)
397 3944 493 3998 Latius
513 3944 588 3998 enim
606 3947 770 4016 evulgatum
787 3945 873 4000 fuisse
891 3947 944 4002 hoc
959 3945 1071 4014 fabulis,
1092 3947 1159 4004 deas
1172 3947 1262 4001 nudas
1276 3964 1337 4002 sese
1351 3965 1398 4002 ex-

277 4033 403 4088 hibuisse
422 4030 531 4101 Paridi,
551 4033 653 4089 docent
672 4035 754 4105 Prop.
769 4034 844 4104 lua,
860 4041 893 4089 14
917 4037 946 4090 et
969 4053 1025 4089 non
1043 4053 1149 4106 paucae
1167 4053 1298 4091 vasorum
1316 4053 1397 4091 num-

277 4138 441 4191 morumque
469 4121 616 4193 imagines.
659 4124 699 4181 cf.
723 4123 868 4191 Ouerbeclc,
896 4124 1048 4181 Gallerie
1076 4126 1276 4180 heroischer
1303 4125 1399 4180 Bild-

278 4212 554 4282 werlrep.249sq.
598 4213 726 4281 Welclcer,
746 4212 1116 4284 alaeuenkmaiervp.
1132 4220 1192 4270 368.
1229 4215 1355 4269 Frobetel
1368 4214 1398 4268 in

262 4300 454 4357 'Archaeol
473 4301 626 4370 Zeitung.
647 4305 715 4356 1874
729 4318 755 4371 p.
772 4306 814 4371 38,
831 4308 871 4356 11.
