3206 4928
735 332 955 396 ..44-

370 515 484 576 Deinde
516 517 741 577 1165-170
769 514 900 591 suspecti
933 513 1062 574 habendi
1089 517 1168 574 sunt.
1215 513 1294 572 Luce
1327 513 1406 572 enim

280 622 389 682 clarius
412 623 488 684 hanc
511 622 724 700 cogitationem
747 641 765 682 a
787 621 931 700 proxima,
957 640 1033 698 quac
1057 620 1215 698 antecedit,
1238 620 1405 696 discrepare

281 732 378 805 patet,
403 733 435 790 11
457 747 525 790 mea
547 731 667 806 quidem
690 729 839 790 sententia
860 729 940 789 iusto
964 727 1153 788 artificiosius
1177 745 1211 788 ae
1233 745 1329 803 paene
1351 748 1404 804 pu-

280 836 342 896 tide
366 839 413 896 est
434 836 564 897 inventa.
601 836 715 896 Versus
741 839 803 896 166
827 835 948 898 fluxisse
971 835 1091 896 videtur
1114 855 1151 894 ex
1173 833 1220 906 111
1234 853 1251 893 o
1265 834 1298 896 P.
1316 838 1344 910 9,
1355 837 1404 895 20.

369 943 472 1020 Porro,
495 944 635 1020 quoniam
659 964 687 1005 v.
713 946 752 1004 91
779 937 832 1003 ‘sis
856 945 957 1003 tamen
979 943 1031 1002 hoc
1052 941 1152 1018 potius
1168 989 1174 1003 .
1189 935 1208 1001 .’
1232 943 1335 1016 aperte
1359 960 1403 1000 re·
1519 939 1527 964 ⁸

279 1050 419 1110 ferendus
442 1053 489 1111 111
512 1050 551 1110 ad
572 1072 600 1112 u.
616 1053 658 1112 83
683 1045 747 1110 ‘cur
770 1050 811 1111 sis
832 1050 1016 1109 metuentior
1037 1048 1125 1108 undis
1141 1093 1146 1107 .
1163 1042 1191 1124 .',
1215 1048 1310 1108 omnis
1330 1067 1404 1124 quae

280 1157 459 1232 interposita
492 1160 538 1217 est
570 1157 666 1217 111111
699 1157 845 1234 85—90,
878 1175 896 1216 a
924 1157 1090 1232 suspicione
1117 1174 1178 1215 non
1207 1157 1253 1214 est
1281 1157 1403 1232 remota.

183 1307 187 1314 -
280 1263 413 1340 Cumque
445 1264 567 1340 insuper
597 1286 625 1324 v.
646 1267 701 1342 89,
722 1267 777 1341 90,
809 1264 861 1341 qui
889 1263 1017 1323 maxime
1044 1263 1204 1339 prohibent
1231 1261 1404 1338 orationem,

279 1371 439 1431 molestam
464 1372 630 1447 praebeant
653 1371 762 1448 prioris
785 1370 934 1430 enuntiati
958 1354 1097 1450 (1114)
1121 1367 1344 1445 repetitionem,
1372 1368 1403 1427 hi

279 1477 401 1554 quidem
422 1496 527 1538 versus
546 1479 618 1554 quin
636 1477 737 1538 ficticii
756 1478 825 1553 sint,
848 1478 900 1538 vix
917 1477 1030 1551 dubito,
1054 1479 1196 1552 quattuor
1214 1475 1282 1535 illos
1302 1494 1402 1551 quam-

278 1583 324 1644 vis
348 1585 527 1661 suspiciosos
551 1586 658 1644 tollere
681 1604 742 1645 non
764 1585 869 1645 111111.

368 1691 524 1751 Permulta
546 1690 677 1751 Leandri
704 1711 821 1768 quoque
849 1691 996 1767 epistulae
1024 1690 1105 1750 delet
1132 1690 1283 1750 Lehrsius.
1330 1688 1403 1749 Cum

278 1817 350 1857 vero
373 1798 464 1856 nullis
488 1798 575 1859 iustis
600 1798 764 1858 sententias
783 1798 966 1858 confirmarit
984 1798 1178 1875 argumentis,
1202 1797 1245 1858 eis
1263 1816 1323 1856 11111
1341 1816 1401 1856 111-

279 1922 370 1982 gnam
393 1903 482 1963 fidem
500 1905 668 1965 habendam
692 1924 756 1965 esse
779 1908 862 1982 puto.
898 1905 1003 1983 Neque
1027 1923 1150 1965 revera
1169 1904 1331 1982 quidquam
1350 1904 1402 1962 ali·

278 1991 336 2086 quo
363 2010 428 2070 iure
455 2010 487 2070 in
510 2011 707 2088 suspicionem
730 2015 870 2088 vocatur,
897 2011 955 2071 nisi
977 2031 1004 2073 v.
1029 2012 1212 2071 131-134.
1259 2010 1317 2081 Qui
1344 2029 1404 2070 non

279 2096 375 2176 solum
403 2101 491 2178 nimis
519 2118 712 2196 hyperbolice
739 2119 812 2179 dicti
841 2122 924 2196 sunt,
954 2119 1006 2178 sed
1030 2118 1121 2179 etiam
1144 2137 1203 2194 qna
1225 2115 1342 2176 ratione
1365 2116 1403 2176 ad

278 2223 422 2284 relicuam
452 2225 633 2285 sententiam
660 2225 822 2302 quadrent,
855 2245 921 2286 meo
948 2225 1068 2302 quidem
1100 2224 1199 2284 animo
1230 2243 1291 2284 non
1318 2224 1402 2300 patet

279 2325 329 2412 (cf.
347 2330 505 2390 Schraderi
528 2332 676 2392 observat.
700 2332 822 2392 miscell.
837 2331 906 2410 VII,
921 2335 949 2406 3,
965 2324 1052 2413 462).

367 2436 484 2498 Paridis
512 2437 639 2514 danique
667 2441 698 2497 ot
720 2437 854 2518 Helenae
883 2438 1026 2514 epistulas
1050 2436 1193 2498 Lehrsius
1221 2459 1275 2514 per
1301 2457 1402 2498 omnes

277 2546 379 2620 partes
403 2544 539 2603 versibus
562 2544 700 2605 insiticiis
723 2549 826 2605 auctas
846 2565 920 2623 esse,
944 2565 1020 2624 quae
1038 2545 1112 2605 adeo
1131 2565 1198 2606 eum
1217 2539 1323 2606 ceteris
1343 2545 1403 2605 sint

278 2651 489 2729 coagmentati,
511 2648 546 2711 ut
568 2651 629 2710 iam
651 2653 701 2712 vix
725 2654 837 2713 secerni
860 2653 985 2732 possint,
1008 2656 1118 2714 censet.
1164 2653 1295 2712 Tantum
1318 2653 1403 2712 abest

278 2762 326 2826 ut,
360 2758 438 2835 quod
470 2759 659 2818 doctissimus
695 2763 726 2819 et
758 2758 967 2838 sagacissimus
999 2759 1088 2818 homo
1120 2759 1268 2835 suscipere
1296 2759 1401 2835 noluit,

279 2865 334 2924 hoc
349 2863 483 2942 ‘quidem
514 2865 614 2925 subire
640 2883 742 2939 coner,
770 2868 806 2924 ut
832 2884 943 2941 paucos
966 2864 1054 2924 modo
1078 2865 1202 2924 afferam
1229 2865 1323 2943 locos,
1351 2865 1402 2944 qui

278 2970 407 3029 maxime
426 2971 504 3030 mihi
527 2972 686 3032 videantur
709 2970 874 3047 suspiciosi.

367 3077 483 3139 Paridis
512 3078 658 3154 epistulae
689 3079 748 3138 duo
776 3079 833 3138 loci
860 3081 984 3155 propter
1012 3078 1178 3138 orationem
1205 3077 1293 3138 nimis
1316 3078 1401 3140 lasci·

284 3203 367 3262 vam,
394 3184 490 3262 qualis
518 3186 549 3244 in
576 3186 689 3245 relicua
714 3186 844 3262 epistula
875 3203 935 3244 non
962 3184 1127 3263 invenitur,
1155 3176 1308 3246 offendunt
1338 3189 1399 3247 157

283 3293 390 3353 -160
419 3295 449 3351 11
479 3295 662 3354 aar-252.
712 3293 763 3352 Ilii
790 3311 894 3352 versus
923 3312 1040 3367 eornm,
1068 3311 1142 3368 quos
1175 3295 1340 3368 sequuntur
1371 3295 1402 3352 at

278 3398 386 3474 quibus
405 3399 601 3476 excipiuntur,
619 3399 682 3459 vim
699 3405 878 3477 magnopere
897 3401 1064 3460 attenuant.
1106 3398 1184 3458 Nam
1202 3399 1401 3476 cogitationis,

278 3525 337 3580 qna
360 3505 493 3564 animum
517 3525 604 3564 111111
626 3508 737 3565 fortem
760 3525 794 3565 ac
816 3509 951 3565 tenacem
974 3505 1113 3565 laudibus
1137 3505 1223 3566 effert
1245 3505 1330 3565 Paris
1354 3525 1398 3564 se-

278 3631 336 3687 que
355 3612 470 3672 Theseo
495 3612 626 3689 opponit,
649 3610 699 3688 qui
718 3611 865 3671 Helenam
883 3614 1001 3687 raptam
1020 3611 1175 3691 dimiserit,
1194 3632 1310 3672 summa
1327 3613 1401 3672 haec

279 3720 339 3778 est:
364 3737 429 3778 sese
453 3719 555 3778 vivum
578 3737 730 3794 nunquam
753 3716 945 3777 dimissurum
967 3715 1060 3777 fuisse
1084 3721 1229 3798 amatam,
1251 3721 1341 3795 atque
1365 3737 1401 3776 ea

277 3822 430 3884 invenitur
452 3825 484 3883 ot
505 3823 538 3882 in
559 3824 760 3908 1151111
785 3827 815 3882 11
837 3823 1050 3899 11161,162.
1086 3822 1194 3883 Aliena
1216 3822 1310 3900 igitur
1333 3843 1398 3884 son·

278 3929 374 3990 tentia
393 3933 447 4006 est,
466 3949 541 4006 quae
556 3929 733 4006 exprimitur
745 3948 772 3989 v.
791 3931 974 4005 157-160,
992 3933 1082 4006 atque
1096 3929 1176 3988 haud
1190 3929 1250 3988 scio
1265 3949 1305 3990 an
1320 3930 1400 4006 XVI,
1480 3999 1484 4008 ι

280 4037 559 4113 291111111111,
586 4055 639 4095 cur
661 4037 832 4099 inserendos
855 4037 909 4122 1111
932 4035 1085 4112 putaverit
1107 4035 1223 4112 aliquis.
1250 4068 1287 4077 —
1313 4038 1401 4097 Alter

279 4145 362 4204 locus
385 4145 489 4204 abesse
512 4141 586 4202 mihi
608 4141 728 4203 videtur
750 4163 768 4202 a
791 4142 952 4220 proposito,
975 4141 1116 4218 quoniam
1139 4139 1224 4200 Paris
1243 4161 1271 4202 v.
1292 4144 1399 4202 241-

281 4253 354 4328 256,
378 4250 524 4328 quomodo
543 4248 661 4325 saepius
682 4250 760 4311 clam
779 4250 914 4332 Menelao
933 4267 1065 4312 amorem
1083 4266 1171 4308 suum
1189 4246 1320 4310 indicare
1339 4251 1400 4332 stu·
