3206 4928
689 377 900 440 *73-

233 562 292 620 iste
320 561 415 621 Italus
443 561 560 637 doctus,
589 561 639 637 qui
667 562 730 620 tam
753 561 891 620 accurate
914 561 1021 636 poetae
1044 561 1288 621 consuetudinem
1311 563 1354 620 in·

234 668 415 745 vestigasset
433 670 465 728 et
483 667 612 745 vestigia
630 667 796 744 pressisset,
816 670 851 728 ut
868 668 986 726 fabulas
1006 687 1042 726 ex
1061 666 1174 727 eisdem
1193 672 1284 745 atque
1303 669 1354 728 ille

236 775 369 835 fontibus
393 777 526 835 sumeret
548 779 580 835 et
601 777 691 851 plane
715 775 753 834 ad
776 775 840 834 eius
863 773 1108 834 consuetudinem
1131 778 1298 836 exornaret.

323 882 520 942 Probavimus
548 881 643 960 igitur
670 882 856 959 argumentis
883 867 986 940 haece:
1016 884 1047 940 61
1069 883 1266 942 neeessariam
1290 901 1355 943 esse

146 1007 155 1020 ·
235 991 317 1048 illam
341 990 557 1066 narrationem,
581 1008 658 1066 quae
681 989 850 1048 continetur
872 1007 900 1049 1.
925 988 993 1047 CIV
1015 989 1084 1065 illis,
1108 992 1139 1048 61
1162 1007 1280 1048 omnem
1303 990 1354 1047 ho-

234 1117 302 1156 rum
325 1097 540 1173 condicionem,
565 1097 725 1156 dictionem
749 1099 903 1172 artemque
926 1095 1094 1172 metricam,
1124 1097 1260 1156 imitandi
1281 1097 1355 1156 alios

234 1207 339 1280 poetas
353 1205 501 1264 rationem
516 1223 582 1264 eam
602 1222 676 1280 esse,
695 1207 729 1263 ut
748 1203 844 1262 eidem
864 1202 1016 1263 tribuendi
1036 1204 1095 1264 sint
1116 1223 1220 1264 versus
1239 1207 1354 1280 poetae,

237 1312 289 1387 qui
311 1311 428 1382 Paridis
453 1312 614 1388 epistulam
639 1311 766 1387 scripsit.
1435 1291 1437 1298 Ι

323 1420 440 1497 Restat,
464 1423 498 1479 ut
521 1420 701 1495 illustretur,
724 1419 774 1494 qui
797 1420 911 1477 factum
935 1435 1001 1478 esse
1024 1417 1171 1494 videatur,
1194 1420 1229 1477 ut
1252 1437 1356 1478 versus

236 1548 251 1586 6
284 1528 396 1586 relicua
423 1527 553 1603 epistula
584 1525 754 1586 exciderint.
805 1526 917 1602 Negari
944 1545 1004 1585 uon
1031 1528 1132 1602 potest
1160 1545 1226 1585 cum
1254 1527 1355 1602 loqua-

236 1636 326 1693 citate
359 1638 449 1711 atque
482 1635 642 1693 verborum
674 1633 792 1692 luxuria
824 1632 931 1692 horum
968 1652 1109 1692 versuum
1146 1637 1356 1710 argumentum

237 1741 419 1817 descriptum
442 1760 520 1817 esse3
548 1760 728 1816 quamquam
751 1741 783 1798 in
805 1741 861 1798 hac
884 1759 916 1797 16
939 1740 1014 1799 nihil
1038 1739 1178 1799 differta
1201 1743 1268 1799 tota
1295 1741 1355 1816 epi-

237 1849 324 1908 stula.
359 1845 444 1906 Hanc
463 1852 563 1906 autem
582 1848 675 1908 fuisse
695 1867 826 1921 oausam,
845 1866 898 1907 cur
916 1846 1021 1906 doctus
1041 1847 1149 1922 aliquis
1167 1848 1265 1923 homo,
1289 1867 1356 1906 oum

169 1953 171 1956 ’
237 1955 436 2015 recensionem
459 1953 573 2013 faceret
596 1953 794 2030 epistularum
821 1953 995 2030 videretque
1019 1954 1117 2029 aliquo
1145 1955 1233 2014 modo
1262 1954 1357 2030 excipi

236 2082 324 2140 posse
351 2081 472 2122 versum
503 2064 543 2122 38
568 2082 587 2120 a
614 2080 641 2122 v.
668 2064 743 2136 143,
778 2055 879 2144 totam[
907 2061 991 2120 illam
1019 2063 1136 2136 partem
1164 2080 1199 2120 ex
1228 2061 1357 2137 epistula
1438 2057 1440 2064 '

238 2172 424 2246 segregaret,
447 2167 484 2227 de
512 2167 567 2226 hac
594 2167 713 2244 quidem
740 2188 773 2227 16
801 2171 880 2226 66116
908 2168 957 2227 vix
985 2167 1177 2244 cogitandum
1201 2171 1247 2226 est
1255 2161 1288 2248 ¹).
1315 2199 1354 2208 -

237 2277 334 2354 Magis
363 2275 476 2335 arridet
503 2277 576 2334 haec
603 2275 779 2335 coniectura.
832 2273 947 2334 Codicis
974 2273 1120 2334 Puteauei
1152 2274 1356 2352 archetypum,

204 2379 208 2386 ’
238 2383 316 2443 unde
345 2402 448 2442 omnes
471 2383 585 2442 codices
614 2382 735 2442 fluxisse
763 2385 843 2442 recte
867 2382 1023 2458 statuitur,
1053 2369 1282 2458 in'unaquaquo
1305 2401 1363 2457 pa·a

238 2491 309 2574 gna
322 2489 551 2548 xxv-xxvi
564 2508 669 2550 versus
689 2488 855 2548 exhibuisse
875 2489 939 2548 ven
954 2493 1001 2548 ese
1020 2467 1116 2547 simui
1135 2480 1185 2568 (es.
1201 2489 1234 2548 1.
1248 2489 1357 2546 unirer

238 2599 274 2656 de
298 2616 329 2656 re
354 2597 478 2656 metrica
501 2617 528 2672 p.
552 2595 586 2656 L.
610 2617 637 2672 p.
662 2591 729 2676 43).
780 2596 885 2672 Itaque
915 2596 1006 2655 statui
1034 2598 1134 2670 potest
1161 2595 1290 2654 duorum
1312 2597 1356 2654 fo-

237 2707 347 2766 liorum
368 2705 485 2764 iactura
512 2723 616 2764 versus
640 2702 707 2762 dlv
735 2723 800 2762 esse
828 2703 1010 2779 deperditos,
1039 2706 1070 2762 et
1096 2703 1251 2779 indicium,
1280 2703 1358 2779 quod

239 2816 285 2872 est
307 2813 339 2871 iu
360 2813 514 2871 Puteaneo
537 2810 606 2887 post
628 2829 656 2870 v.
680 2811 736 2878 38,
761 2811 786 2868 si
809 2809 928 2886 quidem
950 2810 1117 2885 profectum
1141 2813 1189 2870 est
1215 2811 1253 2869 ab
1276 2809 1359 2867 illius

239 2920 309 2979 libri
328 2919 434 2994 scriba,
453 2919 576 2978 lacunae
594 2918 712 2997 signum
735 2917 956 2994 agnoscendum
981 2935 1054 2977 esso.

330 3225 526 3283 Manaverunt
548 3221 642 3298 igitur
665 3239 766 3280 omnes
784 3221 940 3280 heroidum
959 3221 1164 3297 epistularum,
1188 3241 1262 3298 quos
1281 3239 1358 3280 nuno

239 3331 360 3408 quidem
387 3330 536 3404 novimus,
566 3327 681 3388 codices
705 3348 741 3386 ex
764 3328 940 3404 archetypo,
967 3327 1079 3403 inquo
1103 3330 1133 3387 et
1157 3327 1275 3404 singula
1298 3329 1357 3386 for-

239 3442 319 3498 tasse
344 3438 471 3497 disticha
493 3435 684 3494 librariorum
708 3454 807 3494 errore
830 3434 1044 3494 interciderant
1067 3436 1098 3493 et
1120 3435 1263 3493 nonnulla
1285 3433 1359 3492 folia

240 3549 303 3608 tam
313 3546 345 3604 in
358 3545 415 3604 fine
430 3563 520 3620 quam
529 3544 561 3602 in
570 3541 668 3602 medio
678 3542 755 3618 libro
770 3541 903 3602 abscissa
911 3542 1071 3618 perierant.
1095 3541 1249 3618 Perpauca
1258 3543 1359 3600 autem

241 3651 429 3727 exemplaria,
452 3670 527 3726 quae
547 3651 666 3728 quidem
683 3655 736 3710 aut
754 3651 909 3728 perierunt
932 3652 986 3708 aut
1003 3668 1081 3708 nuno
1099 3649 1204 3724 latent,
1228 3668 1263 3708 ex
1282 3649 1358 3708 inte·

240 3760 340 3838 griore
368 3757 468 3834 aliquo
491 3757 590 3819 codice
613 3758 776 3833 arctetypo
800 3757 919 3816 fluxisse
943 3758 974 3815 et
996 3775 1065 3814 raro
1089 3775 1154 3814 esse
1177 3754 1359 3831 transcripta

153 3923 158 3936 ,
241 3865 432 3926 statuendum
447 3869 501 3926 est.
529 3864 629 3941 Atque
639 3865 792 3940 quaesitae
807 3867 838 3923 61
852 3865 991 3932 inventae
1005 3864 1037 3923 in
1051 3863 1098 3923 his
1109 3866 1180 3922 sunt
1193 3863 1358 3938 particulae

240 3975 445 4034 illaeamissae
453 3974 516 4032 tum
528 3972 655 4048 demum,
666 3989 733 4030 cum
743 3974 917 4031 renascente
926 3973 1063 4030 veterum
1073 3971 1248 4047 scriptorum
1259 3969 1358 4029 studio
1425 3989 1428 4000 ⁴

240 4081 408 4156 ubicunque
431 4080 502 4139 libri
526 4097 616 4137 mauu
640 4078 744 4153 scripti
766 4077 1050 4154 pervestigarentur.
1091 4077 1195 4153 Neque
1218 4096 1290 4136 1616
1313 4078 1358 4136 1111

315 4327 339 4392 1)
360 4320 465 4378 Statuit
483 4320 573 4376 simile
592 4319 699 4392 aliquid
718 4319 876 4388 Naugerius
894 4321 923 4376 in
942 4320 1008 4378 edit.
