3206 4928
727 369 945 434 ..62..

273 572 494 632 supervacenea
511 556 590 630 sunt,
612 552 715 630 eleque
734 553 856 614 resectis
874 554 976 614 nullus
994 555 1147 629 comperet
1165 549 1275 612 hiatus.
1311 547 1398 610 Unde

270 662 368 721 elucet
396 662 433 721 de
463 681 499 721 ea
526 679 629 739 censa,
657 661 736 736 quod
764 660 1000 721 desideraverint
1026 660 1140 738 aliquid
1164 659 1248 735 Itali,
1276 656 1397 718 abillis

277 786 328 828 eos
351 769 532 845 compositos
556 787 620 828 esse
644 769 737 829 statui
756 768 875 828 omniuo
893 787 953 827 non
973 786 1070 845 posse.
1111 769 1212 843 Atque
1232 766 1258 825 si
1277 783 1309 825 re
1328 783 1400 826 vere

275 875 445 937 desiderata
468 878 548 936 esset
570 876 641 937 talis
660 874 802 952 narratio,
827 875 923 952 qualis
945 875 988 936 ibi
1007 875 1185 951 continetur,
1208 892 1260 933 cur
1279 869 1400 932 tandem

276 983 350 1044 adeo
378 985 478 1043 tracta
505 985 551 1044 est
578 982 652 1043 ille?
697 983 801 1058 Neque
824 981 922 1042 minor
944 982 1041 1041 oritur
1063 980 1225 1057 dubitatio,
1250 999 1324 1040 num
1346 978 1399 1037 illo

276 1090 342 1166 ipso
365 1092 440 1167 loco,
463 1089 572 1166 quippe
596 1109 655 1166 quo
675 1089 786 1166 optime
806 1089 905 1148 omnia
922 1091 1081 1150 cohaerere
1100 1087 1201 1148 dicant
1218 1087 1272 1165 illi,
1294 1103 1399 1146 versus

276 1198 415 1272 supplere
438 1195 592 1272 potuerint
614 1195 685 1255 Itali
708 1195 789 1255 docti
811 1198 901 1272 utque
920 1215 994 1255 num
1011 1196 1125 1255 inserte
1142 1193 1247 1252 fabule
1264 1193 1318 1252 illa
1335 1195 1400 1251 tem

274 1303 421 1363 sincerum
449 1321 483 1361 ac
510 1301 629 1361 facilem
656 1300 824 1361 invenerint
849 1302 1024 1378 transitum,
1052 1320 1110 1377 quo
1133 1299 1314 1360 deducerent
1336 1317 1400 1359 ora-

276 1411 389 1470 tionem
413 1409 594 1470 adversum
620 1409 696 1484 143,
723 1426 813 1483 quem
842 1409 894 1484 qui
921 1410 968 1468 est
994 1407 1026 1466 in
1051 1410 1138 1483 perte
1165 1406 1219 1466 illa
1245 1406 1322 1468 Iuleo
1350 1423 1399 1464 su-

238 1569 248 1582 .
276 1520 385 1592 specta.
436 1516 587 1576 Nimirum
619 1517 764 1591 quantum
792 1515 950 1592 qualiaque
984 1515 1103 1575 omnino
1135 1513 1180 1573 illi
1210 1513 1301 1572 medii
1332 1511 1400 1572 aevi

276 1623 393 1683 librarii
425 1622 535 1683 addere
562 1623 726 1706 valuerint,
757 1623 925 1682 luculenter
956 1625 1099 1698 quattuor
1129 1621 1178 1681 vel
1205 1620 1264 1679 duo
1295 1637 1399 1680 versus

277 1731 397 1808 docent,
424 1749 498 1808 quos
526 1734 596 1806 post
623 1751 651 1791 v.
672 1734 734 1812 1¹66
763 1731 812 1792 vel
838 1731 900 1790 168
924 1729 955 1790 in
978 1730 1126 1790 codicibus
1150 1727 1301 1790 nonnullis
1324 1744 1400 1788 seeo.

185 1868 191 1874 a
278 1837 352 1896 XIII
375 1842 407 1897 et
429 1837 501 1896 XIV
523 1837 650 1898 insertos
673 1837 849 1898 invenimus.

364 1945 407 2003 At
433 1963 466 2004 re
488 1962 561 2004 vera
583 1943 610 2002 si
632 1943 813 2003 omittuntur
835 1961 940 2003 versus
963 1943 1009 2002 illi
1031 1941 1113 2019 OIV,
1143 1942 1250 2001 lacuna
1272 1939 1400 2001 efficitur

276 2051 307 2110 in
339 2043 511 2134 epistulul).
560 2051 638 2110 Nem
670 2050 817 2126 quomodo
850 2049 969 2110 Riesius
1000 2050 1110 2126 aliique
1142 2068 1251 2108 nexum
1282 2051 1400 2108 senten-

277 2159 389 2218 tierum
416 2158 564 2234 explicere
592 2158 729 2235 student,
761 2159 817 2217 hoc
845 2158 964 2234 quidem
990 2175 1117 2232 pravum
1144 2153 1400 2232 interpretationis

279 2264 438 2325 artificium
461 2269 516 2324 est.
562 2265 736 2326 Formidam
759 2259 864 2326 ‘credis
886 2269 912 2324 ct
933 2265 984 2324 hoc
1005 2257 1099 2324 oobu’
1123 2263 1172 2322 vel
1195 2262 1323 2322 similem
1345 2260 1399 2319 ali-

277 2392 367 2448 quem
394 2373 446 2432 ubi
475 2370 600 2432 Ovidius
627 2375 767 2448 usurpat,
799 2371 954 2431 enuntiato
982 2369 1072 2430 elicui
1103 2351 1274 2430 constanter
1303 2367 1399 2428 simile

275 2478 321 2537 ite
352 2478 449 2555 addit,
491 2483 525 2540 ut
557 2482 589 2539 et
620 2479 811 2538 confirmetur
842 2481 875 2537 et
906 2480 1053 2554 augeatur
1089 2475 1238 2536 sententie
1270 2466 1320 2554 (cf.
1355 2494 1398 2549 ep.

277 2585 470 2662 xvn,121;
494 2585 544 2644 ur.
563 2585 600 2662 V,
620 2587 649 2662 4,
670 2587 727 2663 233
749 2604 765 2643 e
786 2561 822 2645 Ρ.
840 2585 864 2661 1,
884 2586 913 2661 s,
938 2575 981 2665 o).
1027 2584 1072 2642 oe
1097 2583 1153 2644 ean
1175 2581 1321 2640 formose
1344 2599 1400 2640 usu

277 2711 337 2751 non
359 2711 447 2768 posse
471 2693 598 2770 cogIteri
621 2693 676 2752 hoc
699 2692 764 2752 Ioco
787 2693 835 2752 vel
858 2691 999 2751 librarius
1022 2691 1048 2750 is
1072 2668 1192 2766 quidem
1215 2688 1335 2749 videtur
1356 2686 1400 2746 in·
1436 2745 1437 2748 ,

277 2799 428 2859 tellexIsse
457 2799 508 2875 qui
530 2801 660 2861 correxit
682 2794 780 2860 ‘crede
802 2801 853 2858 sed
874 2799 930 2858 hcc
953 2791 1059 2857 nobis?
1104 2797 1217 2855 Verum
1239 2798 1341 2855 tumen
1362 2812 1400 2852 ne

239 2971 253 2992 ·
278 2905 322 2964 ita
340 2889 460 2981 quidem
479 2926 680 2967 nexus-senus
699 2910 754 2981 est,
777 2906 867 2966 immo
886 2906 959 2965 heco
977 2904 1034 2965 loci
1053 2907 1100 2964 est
1117 2904 1203 2964 ratio.
1239 2902 1301 2978 Eis,
1324 2920 1400 2978 quac

279 3010 461 3071 antecedunt
486 3004 656 3093 (36—38),
679 3011 735 3069 hoc
753 3029 845 3069 unum
864 3010 973 3070 dicitur
991 3009 1139 3085 Paridem,
1162 3013 1322 3085 antequem
1341 3007 1400 3066 He-

278 3117 377 3175 lenam
405 3118 498 3176 ooulis
526 3117 664 3192 vidisset,
697 3116 737 3175 de
765 3135 805 3175 ee
833 3117 970 3177 nuntium
998 3115 1145 3192 accepisse
1172 3115 1267 3193 fama3
1299 3116 1401 3191 itaque

278 3223 354 3281 nihil
373 3224 492 3283 omuino
512 3225 548 3284 de
567 3223 767 3300 pulcritudine
785 3223 918 3283 Helenae
938 3224 1104 3300 exponitur,
1125 3222 1178 3282 sed
1195 3225 1279 3297 forna
1296 3225 1401 3282 coctio

276 3333 335 3404 serit
357 3329 421 3388 eius
445 3332 592 3391 enuntiati
615 3349 732 3391 summe
754 3333 809 3390 est.
856 3329 938 3401 Quae
961 3350 1029 3390 cum
1055 3331 1098 3390 ite
1121 3331 1189 3404 sint,
1212 3330 1294 3389 nullo
1312 3331 1400 3404 pacto

277 3456 403 3513 pergere
425 3440 527 3514 potest
548 3443 639 3513 poete
662 3438 697 3496 de
719 3439 815 3512 plicia
837 3457 973 3514 narrare,
998 3438 1175 3514 praesertim
1199 3457 1267 3496 cum
1289 3455 1325 3495 ne
1348 3434 1398 3495 ed·

278 3545 368 3605 datur
390 3545 522 3623 quidem,
546 3547 629 3604 cuius
652 3545 697 3602 rei
718 3545 815 3621 gloria
839 3545 879 3605 sit
901 3545 1111 3622 mtellegcnde.

367 3651 446 3710 Nem
472 3670 567 3727 neque
595 3652 698 3711 vultus
724 3670 820 3728 neque
847 3652 961 3712 formae
986 3653 1112 3726 plortcm
1135 3649 1295 3728 significari
1318 3650 1399 3709 lucu·

278 3760 376 3819 lenter
399 3779 436 3818 ex
458 3777 495 3818 ea
516 3778 548 3818 re
572 3759 769 3837 cognoscitun
792 3758 872 3835 quod
894 3758 940 3817 illi
962 3757 1077 3819 notioni
1096 3758 1286 3834 subiungitur
1303 3760 1400 3831 scora-

280 3883 334 3940 quc
361 3867 396 3924 dc
422 3867 527 3939 formo
573 3865 702 3924 Maxime
729 3865 823 3942 igItur
850 3865 1023 3940 ¹necessaria
1050 3869 1120 3926 sunt
1148 3864 1186 3923 ad
1214 3864 1401 3924 enuntiatum

278 3975 376 4032 minor
399 3977 439 4032 est
462 3977 512 4032 tue
531 3973 628 4048 plorc'c
650 3988 716 4031 cero
734 3973 810 4031 bene
828 3971 1063 4049 intellegendum
1081 3971 1182 4046 verbe,
1205 3989 1280 4045 quae
1299 3971 1401 4030 insunt

279 4080 311 4138 in
338 4099 367 4141 v.
389 4081 449 4140 139
466 4067 659 4156 εᾳ.,’ᾳηίρρθ
687 4079 718 4138 in
745 4077 853 4156 quibus
882 4099 914 4138 re
941 4099 1013 4140 vera
1036 4079 1165 4138 Helenae
1188 4078 1284 4152 picria
1305 4076 1400 4136 fusius

354 4307 379 4373 1)
399 4305 465 4375 Egit
484 4304 518 4358 de
536 4303 590 4358 hec
608 4319 640 4357 re·
657 4303 768 4359 Birtius
784 4302 814 4357 in
832 4303 902 4357 Mus.
921 4303 1009 4359 Rhcn.
1027 4301 1132 4356 XXXII
1149 4300 1176 4372 p.
1196 4308 1248 4358 389
1266 4320 1292 4360 n.
1308 4308 1333 4356 2.
