3206 4928
716 377 909 438 mu„-

251 560 424 636 emergunt,
451 557 573 631 desunt,
601 576 668 617 oum
700 559 844 634 quattuor
869 551 929 637 (ep.
952 558 989 631 V,
1011 557 1064 635 VI,
1087 557 1145 617 VII
1168 558 1255 620 initia
1282 561 1313 618 et
1335 558 1373 635 V,

251 655 371 746 23,24)
394 664 513 741 inipso
536 664 683 725 Etonensi
705 667 878 741 appareant.

338 771 474 848 Denique
501 789 579 833 nova
604 772 713 832 menda
734 771 984 849 librariorumque
1007 772 1191 833 coniecturas
1214 772 1245 832 in
1269 791 1304 834 oo
1327 773 1371 832 in·

250 878 345 940 veniri
368 878 587 941 demonstravit
611 879 823 956 Sedlmayerus
847 871 882 961 (1.
906 898 930 939 e.
952 900 981 955 p.
998 881 1048 961 ,44
1073 898 1115 955 sq.
1139 881 1179 940 81
1205 876 1276 957 sq.);
1306 879 1370 940 sed·

250 989 352 1046 tamen
379 985 501 1045 illorum
528 1006 604 1062 quae
631 986 754 1064 collegit
781 986 924 1047 vitiorum
947 988 1065 1062 partem
1087 985 1247 1046 Etonensis
1271 1005 1370 1048 recen·

250 1091 326 1152 sioni
348 1092 539 1153 tribuendam
562 1111 627 1153 esse
650 1092 788 1154 vidimus.

341 1198 424 1270 Quae
455 1200 607 1276 hucusque
639 1199 675 1259 de
708 1199 801 1258 trium
833 1199 954 1258 illorum
985 1198 1131 1259 librorum
1162 1199 1309 1261 affinitate
1342 1204 1373 1260 et

251 1306 493 1367 dissimilitudine
508 1307 736 1385 disputavimus,
754 1326 814 1367 non
826 1309 953 1383 possunt
969 1307 1032 1366 ullo
1051 1305 1138 1366 modo
1157 1306 1236 1368 inter
1255 1326 1287 1367 se
1305 1326 1372 1367 oon·

125 1468 133 1487 ,
249 1413 358 1490 ciliani,
385 1413 443 1474 nisi
469 1413 514 1474 ita
541 1417 577 1474 ut
602 1417 771 1475 statuamus
794 1412 1009 1489 transcriptum
1036 1431 1101 1472 esse
1124 1412 1370 1498 codicemGuel·

249 1521 443 1597 ferbytanum
466 1540 503 1580 ex
524 1521 602 1581 libro
621 1521 721 1598 aliquo
739 1494 833 1581 codici
851 1520 1005 1580 Puteaneo
1024 1520 1107 1580 affini
1114 1512 1140 1601 ¹)
1159 1523 1192 1580 at
1210 1521 1371 1581 secundum

249 1626 409 1687 Etonensis
428 1628 629 1688 recensionem
647 1630 832 1704 pertractato
851 1629 889 1688 ab
908 1627 1007 1704 aliquo
1026 1629 1201 1703 correctore,
1225 1628 1276 1704 qui
1301 1647 1371 1690 suas

249 1754 367 1812 quoque
390 1731 575 1795 coniecturas
598 1735 743 1812 quasdam
765 1735 899 1794 inseruit.

337 1841 443 1918 Itaque
466 1841 588 1902 tertiam
611 1840 646 1901 G.
670 1843 879 1918 repraesentat
900 1841 1115 1918 recensionem,
1140 1860 1216 1918 quae
1239 1841 1370 1900 medium

121 1935 123 1938 ⁵
249 1947 329 2008 inter
351 1948 383 2007 P.
408 1951 439 2008 et
453 1940 497 2009 n.
519 1948 613 2008 libros
636 1950 721 2008 tenet
743 1949 850 2009 locum.

778 2177 844 2254 §a

338 2323 424 2382 Nunc
452 2322 523 2399 quid
551 2322 587 2382 de
616 2321 736 2382 reliouis
759 2320 975 2381 recentioribus
999 2319 1083 2384 libris
1108 2320 1299 2381 statuendum
1323 2323 1370 2399 sit,

249 2428 412 2489 videamus,

338 2536 411 2596 Cum
432 2538 522 2595 antea
541 2535 615 2594 duas
634 2538 819 2596 statueretur
837 2553 903 2594 esse
925 2535 1059 2596 codicum
1081 2533 1221 2613 familias,
1244 2554 1370 2612 quarum

249 2645 346 2703 altera
372 2658 441 2703 cum
469 2641 504 2702 G.
534 2661 636 2701 omnes
664 2642 757 2701 libros
785 2645 908 2718 excepto
937 2641 971 2702 P.
1001 2641 1260 2719 complecteretur,
1292 2662 1370 2703 nunc

251 2750 463 2828 Sedlmayerus
487 2747 521 2828 (l.
535 2768 560 2811 c.
575 2749 615 2808 51
633 2740 691 2829 sq.)
715 2747 920 2808 demonstrare
944 2746 1051 2807 studet
1066 2741 1178 2806 ‘extare
1197 2746 1299 2825 libros,
1317 2749 1370 2825 qui

183 2919 185 2922 .
249 2877 268 2916 a
294 2857 402 2918 codicis
430 2855 466 2918 G.
493 2854 609 2916 familia
635 2856 724 2932 plane
752 2854 910 2932 separandi
937 2854 1011 2931 sint,
1044 2853 1152 2931 quique
1181 2853 1304 2914 redeant
1330 2853 1369 2914 ad

249 2963 438 3041 exemplaria,
461 2961 558 3040 qualis
578 2961 618 3022 sit
640 2962 674 3022 P.
697 2961 765 3020 inde
785 2981 803 3020 a
822 2980 896 3022 saec.
916 2961 975 3019 ΧΠ
994 3008 1000 3021 .
1016 3007 1024 3021 .
1038 2953 1058 3020 .’
1099 2953 1246 3019 ‘Fuenmt
1267 2960 1370 3038 igitur,

248 3071 348 3148 pergit
374 3071 441 3140 ille,
471 3070 578 3129 horum
605 3070 751 3129 librorum
779 3068 935 3145 archetypi
962 3067 1098 3144 puriores
1126 3085 1216 3144 quam
1246 3065 1282 3127 G.
1300 3087 1368 3144 pro-

249 3176 375 3253 piusque
403 3176 442 3236 ad
469 3176 503 3236 P.
530 3169 731 3237 accedebant’
777 3175 928 3252 Imprimis
959 3174 1068 3234 codicis
1092 3173 1240 3234 Gissensis
1267 3165 1390 3260 arche-J

249 3286 356 3360 typum
379 3281 575 3344 vetustiorem
598 3283 691 3343 fuisse
713 3287 815 3343 censet
837 3303 926 3359 quam
949 3281 1114 3359 exemplar,
1142 3275 1191 3340 ‘ex
1216 3299 1274 3358 quo
1302 3300 1369 3341 cum

249 3390 281 3451 P.
310 3390 451 3458 fluxerint
477 3409 594 3472 omnes,
621 3389 737 3466 aliquot
764 3389 837 3449 locis
864 3388 1015 3465 puriorem
1042 3406 1132 3466 quam
1160 3387 1193 3448 P.
1218 3388 1369 3464 plerisque

248 3498 399 3574 puriorem
422 3516 511 3575 quam
535 3494 571 3557 G.
594 3499 726 3557 ceterum
750 3496 783 3558 P.
807 3489 954 3555 similem?
994 3489 1198 3572 ‘Eandemque
1221 3494 1368 3556 rationem
1451 3576 1454 3582 1

249 3622 315 3663 esse
335 3604 469 3685 aliorsum
497 3603 697 3682 quorundam,
727 3606 761 3663 ut
793 3588 1048 3678 Franciurtensis,
1081 3598 1213 3659 Gothani
1240 3597 1368 3677 prioris’

249 3709 424 3788 Complures
446 3711 545 3790 ,igitur
572 3711 666 3772 libros
693 3711 814 3787 praeter
841 3712 977 3770 vetustos
1005 3708 1073 3768 illos
1096 3707 1279 3768 adhibendos
1303 3727 1368 3768 esse

249 3822 338 3895 atque
362 3836 413 3877 eos
436 3821 496 3876 non
518 3816 620 3892 paucis
643 3815 703 3875 illis
725 3815 808 3892 locis,
831 3815 884 3874 ubi
906 3815 937 3872 in
959 3814 992 3873 P.
1012 3817 1116 3902 extant
1134 3815 1271 3892 lacunae,
1294 3815 1367 3892 ipsis

248 3925 333 3984 libris
358 3922 393 3984 G.
416 3926 448 3983 et
470 3923 505 3984 E.
528 3922 630 3999 aliqua
652 3941 688 3982 ex
709 3924 796 3999 parte
821 3940 886 3981 esse
902 3920 1118 4014 'praeferendos
1142 3926 1252 3984 censet.

325 4129 351 4195 1)
370 4127 476 4198 Urgere
499 4126 592 4194 nolui,
614 4125 689 4196 quod
711 4125 741 4180 in
760 4126 791 4182 G.
812 4126 899 4182 etiam
921 4125 1051 4182 meliores
1069 4126 1204 4182 lectiones
1222 4129 1368 4198 apparent,

249 4232 334 4285 quam
356 4216 386 4272 in
408 4215 452 4286 P.,
477 4215 610 4288 quoniam
634 4231 730 4273 omnes
753 4215 832 4270 facili
853 4214 1014 4274 coniectura
1037 4214 1156 4273 inveniri
1178 4214 1304 4289 potuisse
1328 4215 1368 4272 vi-

248 4305 357 4363 dentur.
