3206 4928
652 377 868 440 „33-

284 559 419 634 Denique
452 558 608 635 serupulus
639 558 766 618 iniectus
799 562 846 618 est
877 559 913 617 de
945 577 1085 618 versuum
1115 556 1317 618 collocatione.

196 665 305 742 Incipit
336 665 485 741 Penelope
518 683 678 742 exponere,
718 683 910 742 quaecunque
943 664 979 723 de
1012 664 1138 740 coniuge
1173 663 1318 739 timuerit,

196 775 286 848 atque
309 790 404 848 usque
428 771 466 831 ad
488 792 516 831 v.
533 774 573 832 22
593 771 725 832 nondum
744 775 994 833 commemoratur
1011 771 1187 848 periculum,
1210 771 1318 847 inquo

195 899 227 937 re
250 897 324 938 vera
353 878 480 959 coniunx
507 882 646 938 versatus
675 879 722 940 sit.
768 879 862 955 Atqui
890 857 1070 938 concludunt
1096 878 1172 937 hane
1201 882 1319 955 partem

195 986 288 1045 verba
1112 992 1116 1000 '

286 1112 337 1169 22.
361 1107 420 1168 Sed
442 1108 517 1168 bene
541 1109 690 1168 consuluit
713 1113 795 1169 casto
820 1110 894 1169 deus
918 1129 1030 1186 aequus
1054 1109 1163 1186 amori,

409 1214 506 1275 Versa
529 1219 576 1275 est
598 1215 629 1275 in
651 1217 764 1276 cineres
788 1217 899 1293 sospite
923 1216 1014 1276 Troia
1035 1216 1115 1291 viro,

197 1359 276 1418 unde
304 1357 384 1416 haud
411 1358 471 1417 scio
500 1377 539 1417 an
566 1359 734 1435 putandum
762 1359 802 1418 sit
828 1359 859 1417 in
887 1359 1023 1419 versibus
1046 1359 1179 1436 proxime
1202 1361 1319 1417 antece-

198 1465 336 1524 dentibus
370 1465 405 1524 de
435 1464 531 1524 Ulixis
564 1466 656 1541 ipsius
684 1466 823 1542 periculis
852 1466 964 1525 dictum
992 1484 1065 1524 esse.
1116 1465 1193 1524 Tum
1220 1465 1320 1540 pergit
1398 1493 1400 1497 ·
1439 1501 1447 1518 .

197 1590 343 1648 exponere
374 1571 481 1630 ceteris
515 1572 658 1631 uxoribus
690 1573 814 1632 maritos
848 1574 922 1632 suos'
949 1571 1085 1646 rediisse,
1118 1572 1208 1645 atque
1241 1571 1321 1647 quod

196 1678 267 1738 huic
289 1678 459 1755 oppositum
483 1681 665 1754 expectatur,
690 1680 746 1738 sibi
768 1699 829 1739 non
851 1679 975 1738 rediisse
998 1697 1098 1752 suum,
1122 1677 1178 1735 hoc
1201 1675 1320 1751 quidem

198 1786 300 1844 decem
322 1785 460 1845 versibus
483 1785 671 1862 intermissis,
694 1805 820 1862 quorum
843 1788 986 1862 quattuor
1009 1782 1150 1843 delendos
1170 1802 1234 1843 esse
1254 1802 1318 1843 cen-

200 1910 312 1967 semus,
340 1891 459 1951 demum
488 1893 625 1968 sequitur
647 1911 675 1952 v.
699 1895 740 1952 47
766 1911 807 1968 sq.
855 1892 910 1950 His
937 1891 1035 1950 causis
1058 1909 1259 1966 commoveor,
1286 1893 1321 1948 ut

198 2016 302 2058 versus
325 2001 381 2058 hoc
403 1996 505 2058 ordine
533 1999 721 2058 collocandos
750 2017 815 2057 esse
842 2017 991 2057 censeam:
1021 2001 1078 2074 22,
1105 1999 1249 2074 41—46,
1280 1999 1320 2056 23

199 2107 296 2181 -36,
319 2107 362 2166 47
387 2124 428 2182 sq.

290 2212 420 2271 Fabulae
444 2213 589 2288 quasdam
613 2211 794 2289 supplendas
818 2230 882 2271 esse
907 2211 1022 2270 duobus
1045 2211 1130 2286 locis,
1153 2213 1321 2285 quaerant

200 2317 405 2394 mythologice
427 2317 570 2396 doctrina,
594 2319 709 2396 opinati
727 2337 792 2378 esse
815 2318 956 2378 videntur
978 2315 1174 2395 grammatici.

288 2424 343 2500 Ep.
368 2424 404 2500 V,
432 2445 460 2485 v.
486 2427 563 2503 151,
593 2428 655 2485 152
689 2426 750 2484 iam
782 2424 894 2484 dudum
926 2425 1060 2484 homines
1093 2422 1172 2494 docti
1204 2421 1321 2498 spurios

202 2534 413 2606 cognoverunt.
461 2531 536 2589 Tam
564 2533 644 2590 enim
679 2531 892 2607 supervacanei
920 2534 1003 2606 sunt,
1036 2549 1125 2606 quam
1157 2529 1323 2589 orationem

200 2636 326 2695 moleste
349 2637 581 2714 interrumpunt.
619 2638 784 2714 Postquam
803 2636 921 2696 Oenone
945 2639 983 2695 ab
1004 2635 1144 2711 Apolline
1168 2653 1233 2694 sese
1258 2654 1319 2694 om-

201 2762 255 2802 nes
282 2744 404 2820 herbas,
432 2745 539 2820 quibus
568 2746 665 2804 morbi
694 2745 793 2804 sanari
818 2747 953 2822 possent,
981 2743 1155 2819 cognovisse
1178 2741 1321 2817 narravit,

199 2850 231 2908 in
254 2853 389 2909 extrema
411 2850 542 2925 epistula
565 2851 787 2928 elegantissime
811 2852 849 2909 ad
867 2869 999 2910 amorem
1018 2849 1097 2908 redit
1115 2867 1211 2924 suum,
1234 2867 1322 2923 quem

199 2959 300 3016 herbis
328 2977 389 3016 non
415 2976 479 3017 esse
509 2953 738 3017 ‘medicabilem'
762 2978 853 3035 quam
876 2957 1065 3017 acerbissime
1089 2957 1182 3033 luget.
1228 2956 1269 3013 llt
1291 2955 1322 3012 in
1354 2941 1355 2944 ¹

199 3064 329 3124 mediam
352 3065 428 3123 hanc
451 3066 664 3141 cogitationem
686 3066 860 3125 inseruntur
883 3067 956 3125 haec
979 3066 1083 3125 verba:

360 3189 429 3265 Ipse
452 3194 589 3265 repertor
612 3189 676 3267 opis
699 3209 803 3250 vaccas
826 3191 945 3265 pavisse
968 3189 1117 3247 Pheraeae

414 3295 524 3354 Fertur
547 3299 577 3354 et
601 3316 616 3355 e
639 3301 742 3356 nostro
767 3299 885 3356 saucius
908 3297 977 3372 igne
999 3295 1066 3356 fuit.

201 3438 265 3496 Iam
287 3457 359 3498 vero
381 3457 442 3496 non
464 3441 572 3513 poetae
595 3438 811 3514 elegantissimi
834 3439 887 3500 sed
909 3439 1106 3498 balbutientis
1134 3436 1263 3496 hominis
1291 3435 1323 3492 in

200 3543 322 3602 modum
344 3545 448 3604 fabula
470 3547 622 3622 narratur,
651 3543 792 3622 qnoniam
815 3550 846 3606 et
868 3547 912 3622 id,
941 3546 1019 3622 quod
1043 3563 1160 3605 summa
1183 3547 1229 3603 est
1256 3562 1321 3602 ora-

200 3652 304 3730 tionis,
333 3651 503 3727 Apollinem
527 3670 558 3710 se
582 3652 681 3728 ipsum
703 3657 808 3713 contra
831 3653 940 3712 amoris
964 3653 1065 3729 ignem
1087 3651 1167 3710 tueri
1188 3669 1248 3709 non
1270 3669 1322 3726 po·

201 3759 295 3818 tuisse
318 3759 362 3818 ita
385 3759 552 3835 exponitur,
576 3761 662 3834 quasi
685 3761 724 3819 sit
747 3741 870 3818 minoris
888 3760 1040 3835 momenti,
1064 3763 1094 3818 et
1113 3757 1223 3817 amoris
1243 3757 1323 3816 illius

202 3865 317 3924 occasio
340 3868 376 3924 ut
399 3867 489 3940 caput
511 3882 612 3922 rerum
634 3865 666 3923 in
688 3866 786 3924 lucem
809 3867 939 3943 ponitur.

290 3971 373 4030 Idem
400 3971 592 4030 statuendum
621 3975 668 4030 est
695 3972 731 4030 de
754 3973 890 4033 versibus
913 3973 997 4048 VIII,
1023 3977 1074 4050 71,
1098 3975 1153 4049 72,
1185 3990 1260 4047 quos
1284 3972 1321 4029 ab

201 4077 416 4152 interpolatore
439 4077 556 4136 hebetis
580 4077 692 4153 ingenii
716 4079 833 4138 additos
859 4098 924 4138 esse
952 4082 1087 4156 apparet.
1132 4078 1210 4136 Nem
1237 4095 1322 4152 prae·

201 4184 339 4258 terqnam
366 4183 445 4257 quod
472 4186 571 4242 totum
598 4202 692 4259 paene
720 4183 870 4242 distichon
897 4186 967 4243 solis
995 4185 1165 4245 nominibus
1193 4183 1323 4260 propriis

202 4289 331 4348 efficitur
353 4291 444 4364 atque
467 4291 592 4349 metrica
615 4291 692 4350 ratio
715 4309 776 4349 non
793 4309 885 4348 unam
904 4291 941 4349 ob
961 4309 1081 4350 causam
1101 4287 1247 4349 Ovidiana
1264 4309 1322 4347 non

1091 4396 1106 4442 3
