3206 4928
655 389 871 454 ..45-

201 576 310 652 (luerit,
333 575 445 634 narrat.
485 573 601 634 Similia
622 577 712 650 atque
735 574 878 632 hocloco
902 573 1040 634 Tibullus
1063 573 1091 648 1,
1108 575 1135 648 6,
1152 574 1191 631 17
1217 574 1248 632 55
1271 568 1325 632 Ov.

201 671 274 744 eP'.
293 682 339 759 ΙΙ,
358 683 391 758 5,
411 683 452 740 38
481 683 619 757 narrant,
647 700 662 739 e
694 680 804 756 quibus
827 679 956 740 fortasse
988 679 1089 740 hausit
1119 677 1327 753 interpolator.

202 789 260 849 Sed
292 788 351 848 etsi
376 806 519 848 versuum
547 789 621 862 247,
644 787 707 846 248
741 789 772 846 55
800 787 874 862 251,
890 788 953 848 252
979 785 1068 844 dictio
1096 782 1171 844 nihil
1195 781 1327 858 offendit,

200 900 303 956 tamen
331 895 490 973 249,250
516 896 547 952 et
573 895 697 968 propter
720 892 949 953 constructionis
972 893 1132 953 verborum
1156 890 1327 967 duritatem,

201 1006 232 1063 et
260 1002 339 1079 quod
365 1001 616 1077 interpolatorum
643 1019 727 1060 more
754 1019 847 1058 unum
874 1000 1053 1060 vocabulum
1078 989 1251 1079 (pectora)
1275 1016 1325 1074 ge-

78 1136 84 1146 ·
200 1109 325 1168 nuinum
353 1107 509 1184 arripitur,
543 1110 573 1166 et
601 1106 637 1166 de
665 1107 721 1166 hoc
743 1106 835 1167 latius
864 1106 1034 1184 exponitur,
1061 1107 1189 1177 tantam⁴
1206 1106 1328 1163 movent

202 1216 411 1292 suspicionem,
448 1218 483 1274 ut
520 1213 592 1291 quin
629 1213 661 1272 hi
692 1211 812 1289 quidem
843 1213 966 1290 genuini
996 1230 1056 1272 non
1089 1211 1162 1287 sint,
1196 1209 1328 1270 dubitari

202 1324 340 1398 nequeat.
410 1332 419 1384 l

292 1446 428 1522 Itemque
447 1462 551 1504 versus
573 1443 646 1518 255,
657 1444 732 1517 256,
747 1460 877 1517 quorum
895 1431 978 1517 prior
995 1441 1113 1516 repetit,
1132 1440 1211 1515 quod
1230 1443 1338 1500 multo·

201 1554 309 1614 melius
337 1574 364 1614 v.
395 1554 569 1612 241-246
604 1551 784 1627 explicatum
816 1553 895 1627 erat,
930 1551 1059 1610 fortasse
1093 1548 1213 1607 delendi
1245 1550 1329 1625 sunt,
1394 1538 1396 1543 ’

206 1659 387 1736 praesertim
419 1677 486 1718 oum
518 1657 590 1716 satis
617 1657 727 1716 ieiune·
747 1661 874 1734 uterque
901 1676 1005 1718 versus
1033 1657 1156 1732 incipiat
1183 1675 1202 1714 a
1228 1655 1328 1715 verbis
1412 1719 1414 1724 ,

205 1760 249 1824 ‘et
271 1759 379 1826 modo’.

296 1888 456 1948 Sedtamen
478 1891 513 1948 ut
536 1888 572 1947 de
595 1888 643 1948 his
665 1907 725 1948 non
747 1888 822 1946 nihil
845 1886 1041 1946 dubitationis
1065 1887 1256 1963 relinquitur,
1285 1887 1329 1946 155

205 2014 257 2055 our
285 1979 315 2055 in
337 1995 471 2059 Helenae
499 1997 630 2072 epistula
653 1995 814 2072 quidquam
837 1994 868 2052 in
892 1994 1089 2070 suspicionem
1112 1997 1248 2070 vocetur,
1276 2011 1329 2052 555

203 2121 307 2162 555555
336 2102 518 2162 certissimas
547 2121 612 2162 esse
631 2121 693 2185 Ι555
717 2101 742 2160 51
764 2101 830 2177 quis
853 2119 972 2178 versus,
1000 2119 1074 2177 quos
1098 2101 1209 2161 otiosos
1237 2101 1329 2158 mole-

203 2211 304 2270 stosve
328 2210 416 2284 dicat,
440 2208 594 2266 deleturus
618 2211 676 2282 est,
699 2207 819 2265 modum
843 2207 956 2267 servari
978 2225 1067 2282 posse
1090 2210 1183 2283 patet.

293 2315 399 2390 Itaque
423 2314 480 2373 etsi
501 2314 552 2373 vix
575 2331 662 2388 spero
685 2332 733 2371 me
755 2313 854 2372 omnia
872 2316 952 2372 recte
971 2313 1129 2391 invenisse,
1151 2318 1252 2373 tamen
1272 2315 1328 2372 hoo
1362 2363 1365 2368 .

205 2440 350 2500 apparere
369 2424 442 2496 puto
462 2424 494 2502 55
513 2421 629 2496 spurios
648 2440 702 2495 per
720 2439 822 2479 omnes
843 2420 998 2479 heroidum
1017 2421 1162 2497 epistulas
1181 2421 1330 2497 dispersos

209 2547 312 2588 versus
337 2547 401 2586 esse
425 2531 454 2587 el
478 2528 653 2603 plerumque
677 2547 728 2591 555
752 2547 817 2586 5555
841 2528 957 2602 spurios
981 2528 1110 2604 agnosci.

662 2811 874 2818 ψ-

236 3062 310 3150 tap.
329 3063 385 3132 ΙΙΙ.
424 3064 470 3131 55
489 3065 650 3149 genuinis
670 3065 801 3154 aliquot
819 3063 991 3150 55551555,
1016 3064 1074 3152 qui
1094 3064 1297 3133 omittuntur

538 3189 734 3276 plerumque
754 3190 790 3257 in
810 3188 994 3258 codicibus.

734 3416 805 3494 §L

293 3558 351 3621 Illa
382 3562 645 3637 grammaticorum
675 3562 859 3620 lectorumve
889 3559 1074 3620 eruditorum
1101 3559 1249 3620 industria
1276 3560 1326 3620 ad-

205 3664 295 3724 dendi
318 3665 354 3726 de
377 3685 430 3726 suo
454 3688 567 3744 versus,
590 3688 657 3727 oum
680 3657 874 3754 perlongius
894 3667 1036 3742 temporis
1055 3667 1247 3729 intervallum
1265 3667 1328 3728 fere

204 3774 408 3852 conquievisse
440 3774 591 3849 videatur,
623 3775 721 3832 medio
755 3793 829 3835 aevo
861 3774 978 3834 revixit.
1022 3773 1154 3834 Inveniri
1186 3774 1265 3832 enim
1298 3776 1329 3836 in

205 3898 280 3942 saec.
299 3879 476 3939 XlII--XV
503 3879 587 3938 libris
614 3899 673 3939 non
700 3899 795 3956 pauca
818 3879 945 3940 disticha
968 3898 1059 3955 supra
1081 3880 1223 3958 vidimus,
1252 3901 1328 3957 quae

204 4004 272 4044 cum
303 3987 464 4045 maximam
499 3988 617 4061 partem
649 4005 709 4045 non
742 3987 839 4046 solum
870 3983 1120 4063 pauperculorum
1152 3987 1204 4046 sed
1236 3987 1327 4046 etiam

204 4092 358 4151 hominum
381 4093 476 4151 latino
500 4111 635 4152 sermone
658 4092 800 4152 nonium
820 4093 980 4154 vernaculo
998 4093 1159 4170 utentium,
1182 4094 1272 4151 immo
1292 4113 1328 4152 ex

118 4177 122 4186 ’
203 4201 289 4273 parte
308 4197 436 4256 barbaro
455 4199 504 4259 vel
523 4199 736 4273 semibarbaro,
756 4201 836 4258 certe
856 4199 983 4274 inficeto,
1001 4199 1080 4258 fetus
1095 4218 1161 4258 esse
1175 4204 1328 4277 appareat,

205 4305 318 4386 optimo
348 4303 413 4362 iure
436 4323 455 4362 a
477 4305 613 4381 genuinis
637 4305 786 4382 versibus,
815 4306 964 4381 aquibus
988 4305 1052 4380 ipso
1077 4324 1148 4364 sono
1171 4306 1326 4382 1558551-
