3206 4928
671 389 886 453 -37-

213 571 265 648 qui
294 573 486 648 argumenta,
515 570 622 646 quibus
641 569 793 630 Phaedra
821 569 987 647 Hippolyto
1017 570 1198 646 persuadere
1229 570 1338 646 studet,

214 681 249 739 ut
281 679 364 754 legat
396 677 570 754 epistulam,
602 681 721 756 augent.
768 678 881 738 Versus
915 678 994 736 enim
1025 681 1150 754 quartus
1178 676 1338 735 admodum
1388 737 1392 746 ,

212 784 363 861 languidis
387 785 487 844 verbIs
511 785 622 860 repetit
645 785 825 844 senteutiam
849 778 931 861 ‘quid
954 784 1083 862 epistula
1101 785 1179 843 lecta
1197 777 1338 859 nocebit’,

213 894 303 968 atque
331 891 455 968 insuper
481 892 538 950 hoo
567 891 702 967 offendit,
730 891 808 968 quod
836 891 986 966 particula
1013 884 1153 968 ‘quoque'
1182 909 1242 949 non
1270 908 1337 948 oum

211 997 265 1056 illo
291 996 383 1057 verbo
412 997 568 1057 coniuncta
596 999 657 1072 est,
686 997 724 1056 ad
747 999 825 1074 quod
854 1001 919 1057 erat
946 997 1110 1056 referenda.
1142 1029 1178 1039 -
1210 996 1338 1067 Quintus

212 1077 313 1163 autem
342 1121 446 1162 versus
474 1103 555 1162 omni
577 1109 660 1164 earet
680 1105 817 1164 'acumine
841 1108 931 1181 atque
956 1104 1063 1163 exilem
1085 1105 1219 1163 eontinet
1241 1085 1336 1161 humi·
1402 1123 1405 1129 ¹

212 1210 330 1287 lemque
349 1209 448 1268 locum
467 1229 662 1271 communem.
695 1212 744 1270 An
758 1210 925 1288 Hippolyto
945 1210 1118 1288 expositura
1132 1214 1178 1270 est
1192 1209 1337 1287 Phaedra,

215 1333 305 1391 quam
336 1315 412 1374 utile
444 1334 479 1374 ao
510 1316 622 1376 bonum
650 1318 690 1378 sit
718 1317 887 1393 scriptura?
935 1318 1033 1394 Atque
1061 1317 1134 1376 adeo
1161 1335 1221 1375 non
1248 1316 1336 1376 modo

216 1415 290 1480 ‘sine
323 1421 385 1480 ulla
418 1422 514 1498 specie
545 1417 723 1500 elegantIae'
752 1417 947 1504 (Burmann),
982 1423 1033 1482 sed
1061 1424 1153 1484 etiam
1181 1423 1230 1482 via
1257 1426 1337 1482 reete
1373 1433 1378 1440 “

213 1527 267 1586 illa
294 1547 342 1587 res
370 1509 510 1605 expressa
538 1549 602 1589 esse
631 1529 751 1589 videtur
777 1549 849 1590 voee
878 1524 935 1590 ‘his
962 1525 1079 1592 modie'.
1125 1531 1166 1588 Ilt
1181 1515 1293 1589 'versui
1317 1533 1335 1589 3

210 1638 275 1694 tam
302 1638 372 1712 apte
400 1637 544 1714 tantaque
572 1654 640 1694 eum
669 1636 800 1696 efficacia
828 1637 1003 1716 adiungitur
1030 1658 1057 1697 v.
1079 1639 1111 1714 6,
1139 1655 1228 1714 quam
1255 1637 1337 1695 omni

211 1741 243 1800 ui
266 1744 362 1817 earet,
387 1741 412 1800 si
435 1744 504 1818 post
526 1763 553 1801 v.
569 1744 633 1818 4,5
659 1742 801 1820 sequitur.

302 1847 438 1925 Itemque
463 1869 538 1926 quae
563 1850 647 1926 XIII,
669 1852 745 1926 155,
767 1852 828 1911 156
853 1850 1031 1927 exprimitur
1057 1849 1200 1926 cogitatio
1224 1854 1337 1925 55551,

214 1973 289 2030 quae
308 1953 436 2014 maxime
455 1955 487 2014 in
506 1957 733 2034 epigrammatis
751 1958 867 2034 graeoiS
887 1959 1005 2034 saepius
1023 1961 1168 2032 usurpata
1187 1957 1234 2033 sit,
1252 1958 1337 2016 velut

212 2060 249 2118 ab
274 2062 472 2140 Anacreonte,
495 2083 584 2141 quem
606 2067 705 2124 loeum
729 2066 817 2124 affert
835 2065 977 2125 Loersius
1000 2065 1032 2123 in
1055 2064 1193 2123 editione.
1235 2065 1336 2142 Atque

211 2166 303 2225 etiam
322 2167 428 2227 similis
447 2169 599 2228 invenitur
613 2170 762 2229 enuntiati
779 2171 877 2229 forma
895 2171 926 2229 in
943 2169 1081 2246 Sapphus
1097 2170 1227 2246 epistula
1241 2192 1268 2230 v.
1285 2173 1335 2230 24.

214 2273 250 2330 In
268 2273 324 2332 hoo
342 2278 444 2333 autem
463 2277 592 2336 earmina
612 2270 714 2358 (XIII)
732 2277 785 2336 illa
803 2277 896 2337 verba
917 2276 1035 2336 omnino
1053 2295 1114 2335 non
1132 2276 1280 2352 quadrant
1298 2277 1337 2336 ad
1430 2339 1437 2356 ,

213 2379 400 2439 sententiam.
441 2375 521 2442 Diam
539 2384 723 2444 Protesilaus
748 2385 846 2461 abest,
871 2383 1049 2459 Laodamia,
1072 2403 1110 2442 55
1136 2384 1228 2442 amati
1248 2385 1335 2460 plane

211 2489 313 2546 eareat
335 2492 469 2564 aspectu,
497 2508 616 2550 oeream
639 2491 751 2551 intueri
775 2511 805 2552 se
830 2492 893 2552 eius
916 2487 1077 2568 imaginem
1100 2494 1215 2567 narrat3
1245 2495 1335 2568 atque

210 2596 329 2653 tantum
353 2613 417 2654 5555
441 2615 528 2655 suum
551 2616 683 2657 amorem
707 2598 803 2675 addit,
827 2603 861 2656 ut
884 2599 933 2658 vel
955 2598 1033 2658 hane
1056 2597 1230 2676 imaginem,
1259 2617 1335 2674 quae

210 2702 323 2761 referat
346 2702 449 2762 vultus
468 2707 598 2780 amatos,
626 2705 783 2764 blanditiis
806 2708 837 2764 et
860 2705 1046 2780 amplexibus
1070 2705 1157 2765 eolat.
1203 2703 1266 2762 Has
1289 2721 1335 2762 oo-

209 2807 372 2884 gitationes
381 2808 524 2870 Lehrsius
539 2805 636 2890 (lep.
645 2804 701 2893 60)
710 2812 787 2872 vidit
801 2813 890 2888 plane
900 2809 1017 2871 turbari
1028 2811 1155 2870 disticho
1173 2812 1334 2886 156,157;

322 2932 416 2993 Crede
439 2934 527 3012 mihi,
550 2937 618 3013 plus
642 2939 700 3013 551,
725 2957 814 3014 quam
838 2937 917 3014 quod
940 2937 1091 3011 videatur,
1114 2935 1226 3013 imago:

365 3040 451 3099 Adde
475 3059 581 3101 sonum
603 3061 704 3119 cerae,
728 3043 913 3103 Protesilaus
936 3043 1000 3102 erit.

299 3165 421 3224 Etenim
452 3164 592 3242 imaginis
624 3166 728 3225 laudes
745 3167 848 3242 'plane
883 3166 1046 3226 absurdum
1075 3166 1106 3225 in
1133 3166 1255 3226 modum
1282 3187 1333 3224 au·

210 3274 331 3348 gantur,
360 3272 445 3350 quasi
472 3273 548 3330 nihil
576 3272 696 3332 differat
719 3291 804 3333 aerea
828 3276 929 3332 statua
953 3276 984 3332 51
1007 3273 1147 3349 555τὶ155,
1174 3271 1233 3332 nisi
1256 3271 1334 3350 quod

210 3379 292 3456 loqui
319 3397 379 3438 non
406 3378 502 3454 possit
529 3378 595 3450 illa3
624 3380 757 3455 profecto
785 3378 885 3455 potius
912 3379 1039 3440 15551151
1066 3379 1110 3439 lta
1138 3379 1168 3437 iu
1191 3379 1335 3438 manlium

211 3487 242 3544 51
261 3503 451 3562 quaeeunque
471 3487 561 3544 antea
579 3484 615 3544 de
634 3484 781 3544 desiderio
802 3504 854 3544 555
869 3484 994 3562 dixerat,
1012 3488 1150 3545 attenuat
1164 3483 1333 3562 abiieitque.

180 3654 188 3668 ,
300 3591 360 3649 'I'er
386 3591 419 3650 in
447 3591 504 3650 fine
528 3592 725 3669 epistularum
748 3612 841 3654 novas
864 3612 912 3652 res
936 3594 973 3652 ab
996 3590 1262 3668 interpolatoribus
1285 3589 1334 3650 ad-

209 3716 300 3759 nexas
324 3716 389 3758 esse
412 3694 559 3758 videmus:
583 3699 635 3776 XI,
652 3702 723 3776 127,
742 3703 802 3759 128

387 3823 447 3898 Tu,
471 3842 558 3898 rogo,
581 3823 708 3884 dilectae
732 3825 857 3883 nimium
880 3823 1023 3884 mandata
1046 3823 1155 3884 sororis

432 3930 545 3992 Perfer.
569 3929 718 3992 mandatis
741 3931 880 4007 perfruar
902 3931 968 4008 ipsa
990 3930 1093 4007 patris.

210 4071 425 4149 simillimoque
449 4074 598 4150 augentur
620 4091 665 4149 ep.
680 4073 751 4131 XIV
775 4077 806 4134 et
828 4073 906 4134 XIX.
942 4074 1023 4147 XIV,
1040 4076 1099 4133 131
1117 4093 1172 4150 sq.:

339 4194 475 4255 Scribere
498 4196 586 4271 plura
608 4195 691 4256 libet.
738 4197 789 4256 sed
811 4196 941 4273 pondere
964 4197 1050 4273 lapsa
1072 4199 1194 4256 catenae

385 4301 444 4362 ast
463 4321 582 4382 manus,
606 4306 637 4362 et
659 4303 739 4366 utres
763 4303 914 4366 subtrahit
935 4303 999 4381 ipse
1022 4302 1121 4364 timor.
