3206 4928
666 401 882 464 --43,

300 581 415 642 Deinde
448 584 527 660 quod
554 601 659 644 versus
690 586 862 648 reu-154
890 583 1031 644 delendos
1060 602 1127 644 esse
1152 584 1335 645 existimavit

208 689 385 767 Diltheyus,
412 710 517 750 verum
543 691 704 768 perspexit.
745 691 794 750 An
821 710 881 751 non
909 694 956 752 est
981 691 1142 750 admodum
1163 693 1334 768 molestum,

211 796 290 873 quod
317 798 374 856 hoc
402 798 468 856 loco
495 797 640 857 Acontius
668 799 826 873 tamquam·
850 797 1028 856 furibundus
1058 797 1219 856 clamorem
1243 798 1334 873 tollit,

207 923 275 965 cum
298 904 330 962 in
351 903 494 980 proximis
518 903 667 980 versibus,
697 907 728 964 et
754 904 805 980 qui
827 903 1008 964 antecedunt
1031 907 1062 964 et
1085 905 1136 980 qui
1159 909 1332 981 sequuntur,

208 1011 316 1087 quibus
349 1010 476 1071 eundem
507 1011 687 1088 alloquitur,
719 1011 815 1071 multo
842 1010 1073 1071 moderatiorem
1103 1029 1140 1082 se¹
1160 1012 1331 1088 praebeat?

207 1117 307 1194 Atque
326 1119 393 1194 ipsa
410 1119 504 1179 verba
521 1118 619 1178 insani
636 1117 764 1177 hominis
784 1137 848 1178 esse
867 1119 1016 1179 videntur.
1053 1117 1134 1178 Dicit
1158 1119 1219 1179 158
1239 1113 1331 1194 ‘post-

209 1225 298 1298 modo
322 1225 348 1284 si
370 1226 461 1285 facies
485 1224 579 1302 istud,
603 1225 723 1286 adulter
745 1220 828 1302 eris'3
856 1245 909 1285 cur
931 1225 1025 1302 igitur
1048 1228 1113 1284 tum
1135 1225 1234 1301 ipsum
1256 1217 1342 1285 desi-¹

209 1335 271 1392 stat
293 1332 401 1408 facere,
425 1332 504 1409 quod
522 1333 679 1410 postmodo
699 1333 819 1392 demum
838 1351 898 1392 non
915 1333 977 1392 iam
995 1333 1105 1393 liceat?
1141 1332 1183 1392 llt
1200 1332 1333 1410 graviter

208 1439 385 1500 offendimus
413 1441 444 1499 in
471 1458 507 1500 ea
534 1460 580 1519 re,
608 1440 687 1516 quod
710 1444 846 1507 ‚amatam
874 1459 959 1500 suam
986 1440 1122 1500 nominat
1152 1459 1229 1516 rem,
1256 1458 1332 1514 quae

209 1565 297 1618 suum
324 1547 436 1606 habeat
463 1547 629 1624 dominum,
656 1547 735 1624 quod
763 1547 882 1624 quidem
910 1547 1098 1607 enuntiatum
1117 1565 1143 1605 a
1167 1545 1242 1605 iuris
1264 1564 1331 1605 con·
1417 1599 1419 1604 ,

212 1653 361 1712 sultorum
384 1673 519 1713 sermone
543 1655 672 1714 colorem
695 1654 788 1714 duxit.
825 1656 925 1731 Atque
944 1653 1088 1732 frigidum
1110 1657 1191 1714 certe
1210 1671 1334 1714 acumen

211 1761 267 1836 est,
287 1751 553 1842 quo(151,152),
573 1763 607 1820 ut
626 1761 737 1820 iterum
755 1761 843 1837 iuret,
862 1763 994 1821 amatam
1018 1780 1203 1821 commovere
1223 1761 1332 1820 studet.

299 1902 434 1979 Denique
470 1921 574 1962 versus
613 1905 685 1981 163,
716 1906 777 1963 164
812 1903 928 1979 spurios
961 1922 1026 1964 esse
1059 1904 1183 1964 censuit.
1231 1903 1271 1962 Et
1299 1920 1332 1962 re

210 2027 282 2068 vera
303 2008 390 2084 plane
415 2009 543 2068 distorta
571 2013 616 2069 est
642 2010 696 2068 illa
718 2009 874 2087 cogitati03
903 2010 954 2086 qui
978 2011 1056 2068 enim
1079 2011 1140 2070 iam
1162 2011 1199 2070 de
1223 2013 1332 2072 eventu

206 2118 309 2192 potest
331 2115 397 2190 dici,
420 2135 488 2174 cum
510 2115 642 2174 nondum
664 2119 764 2192 pater,
787 2116 920 2176 nondum
942 2117 1004 2176 filie
1026 2117 1174 2194 promissa
1198 2120 1251 2177 aut
1272 2117 1337 2177 fre.

208 2223 309 2298 gerint
331 2225 385 2280 aut
408 2221 573 2282 solverint?

298 2363 333 2423 In
357 2365 455 2424 Herus
483 2369 586 2425 autem
613 2365 743 2442 epistula
769 2385 836 2426 cum
858 2366 1107 2443 interpolatorum
1129 2321 1334 2428 additamenta

208 2471 357 2549 extirpare
391 2472 558 2546 studerent,
591 2477 622 2532 et
653 2473 797 2534 Lehrsius
829 2467 864 2556 (l.
888 2493 912 2534 c:
934 2494 962 2549 p.
987 2476 1028 2533 56
1053 2467 1109 2553 sq.)
1138 2476 1169 2534 et
1199 2473 1332 2532 ltohdius

208 2572 333 2660 (grieeh.
352 2579 469 2638 Roman
491 2599 519 2656 p.
537 2581 598 2640 135
619 2600 648 2642 n.
668 2573 702 2662 2)
726 2575 837 2641 iustum
862 2581 983 2640 modum
1006 2580 1161 2642 transiisse
1184 2563 1333 2643 uidentur.

207 2687 311 2764 Neque
334 2705 405 2747 vero
429 2686 649 2746 immorandum
676 2688 762 2747 nobis
775 2675 851 2747 ¹esse
875 2706 980 2774 censeo
1003 2688 1035 2747 in
1058 2707 1161 2747 eorum
1185 2689 1331 2765 scrupulis

207 2794 356 2854 tollendis.
402 2793 551 2854 Videntur
578 2795 610 2852 in
637 2813 673 2854 ea
699 2794 890 2870 potissimum
917 2815 949 2854 re
974 2795 1119 2872 haesisse,
1147 2795 1227 2871 quod
1249 2795 1331 2856 Hero

207 2904 337 2978 veretur,
359 2919 397 2960 ne
420 2901 480 2960 alia
498 2902 601 2977 puella
618 2903 657 2962 ab
675 2902 741 2978 ipsa
759 2902 975 2962 abalienaverit
992 2903 1091 2962 virum
1111 2905 1252 2964 amatum.
1289 2903 1332 2962 At

208 3025 306 3066 nonne
337 3006 393 3066 hoc
425 3006 655 3067 usitatissimum
684 3006 782 3068 Ovidii
815 3005 1012 3084 epistularum
1039 3013 1249 3086 argumentum
1276 3013 1331 3087 est,

207 3113 300 3191 quod,
327 3112 495 3189 ubieunque
522 3113 588 3172 fieri
614 3118 747 3192 poterat,
775 3115 893 3192 longius
922 3119 975 3176 aut
1001 3116 1121 3176 brevius
1150 3116 1331 3192 explicavit?

209 3221 297 3281 Haud
329 3219 441 3280 inculte
469 3219 574 3280 anxius
603 3221 807 3298 sollicitusque
836 3221 935 3282 Herus
963 3241 1047 3282 amor
1073 3222 1117 3282 ita
1145 3222 1331 3300 describitur,

208 3347 276 3387 eum
302 3328 391 3387 modo
418 3328 453 3385 ut
479 3325 583 3387 veniat
609 3325 660 3385 ille
690 3347 780 3402 quam
802 3327 970 3404 celerrime,
997 3329 1085 3388 modo
1108 3349 1145 3388 ne
1167 3329 1256 3390 nimis
1280 3349 1330 3389 au·

209 3433 310 3494 dacter
333 3435 440 3494 subeat
460 3433 566 3494 mortis
586 3433 726 3510 pericula,
750 3436 844 3510 optat,
868 3437 958 3512 atque
976 3434 1065 3495 modo
1084 3436 1224 3496 audaciae
1243 3437 1331 3498 modo

209 3539 361 3600 tarditatis
393 3544 424 3600 et
454 3539 664 3618 neglegentiae
697 3559 766 3599 eum
797 3544 924 3602 accusat.
974 3543 1074 3618 Atque
1106 3543 1183 3604 tales
1213 3563 1330 3621 quoque

208 3646 288 3706 locos
311 3645 357 3704 illi
379 3645 416 3705 de
438 3646 535 3707 medio
558 3647 626 3708 tolli
648 3647 816 3711 voluerunt.

297 3786 459 3848 Sedtamen
481 3788 596 3847 Rohdio
624 3789 844 3852 eoncedendum
871 3792 918 3848 est
940 3808 1045 3850 versus
1069 3792 1132 3866 3,4
1157 3793 1188 3850 et
1211 3793 1263 3867 85,
1278 3796 1330 3870 86,

207 3895 284 3970 illos,
308 3892 387 3971 quod
410 3897 500 3953 tenue
523 3897 642 3954 tantum
665 3899 696 3956 et
719 3896 795 3956 exile
818 3896 971 3956 continent
989 3915 1093 3956 eorum
1112 3887 1344 3975 argumentum,

118 4059 125 4074 ,
208 4021 284 4078 quae
311 3999 454 4077 proximis
482 4001 616 4086 ¹uersibus
640 4001 736 4062 fusius
760 4007 791 4064 et
814 4003 913 4080 aptius
936 4007 1127 4080 enarrantur,
1156 4006 1223 4081 hos,
1251 4007 1330 4082 quod

207 4127 267 4168 non
290 4104 502 4190 modofnimis
525 4105 703 4186 quaesitam'
727 4101 786 4191 (ita
805 4105 921 4192 Loers.)
941 4111 994 4170 sed
1012 4111 1141 4172 alienam
1159 4133 1177 4172 a
1194 4112 1330 4188 proxima

209 4216 359 4276 sententia
381 4217 527 4292 praebent
550 4216 770 4295 cogitationem,
793 4235 870 4293 quae
893 4215 1037 4293 optimam
1060 4220 1165 4279 turbat
1187 4219 1330 4280 orationis

208 4322 457 4400 perpetuitatem,
481 4327 617 4403 apertam
639 4322 883 4403 interpolamenti
906 4325 1033 4403 speciem
1055 4326 1293 4405 praeseferre.
