3206 4928
727 408 944 471 ..50-

275 609 347 651 vero
357 590 491 668 languidi
499 583 784 676 (‘eehwerthlhges’)
793 583 1137 668 inestin‘Hymenfugit
1146 593 1177 650 et
1185 592 1274 668 terga
1283 585 1397 652 dedit’?

275 698 366 758 imino
384 716 523 774 prorsum
542 695 721 758 Ouidianum
739 700 794 774 est,
812 716 908 773 neque
928 695 1154 774 Sedlmayerum
1173 697 1229 757 hoo
1248 698 1397 775 vitupera·

276 801 376 866 turum
396 804 489 865 fuisse
507 807 590 881 puto,
614 807 641 864 ei
658 805 791 882 legisset
814 823 891 881 quae
909 803 1044 881 disputat
1062 803 1222 882 Diltheyus
1242 805 1273 864 in
1291 805 1397 866 Annal.

278 907 350 973 dell’
369 912 468 974 Instit.
487 911 567 972 aroh.
585 913 668 972 1869
688 914 833 990 12411.
870 912 975 988 Neque
995 914 1095 972 oetera
1113 931 1189 989 quae
1208 911 1398 990 vituperavit,

277 1019 438 1097 quidquam
462 1017 577 1094 valent,
606 1021 641 1080 ut
664 1022 809 1096 appareat
831 1018 978 1080 Italorum
1000 1018 1107 1080 fraude
1130 1037 1235 1081 versus
1259 1037 1324 1080 esse
1347 1019 1397 1080 ad·

276 1125 369 1186 ditos:
392 1126 483 1186 immo
507 1127 534 1186 ei
557 1124 676 1204 quidem
699 1125 731 1184 in
753 1125 809 1186 hoe
831 1126 881 1184 vel
903 1126 955 1185 illo
977 1143 1068 1186 versu
1090 1125 1257 1204 haeremus,
1280 1105 1399 1191 monon-

277 1234 347 1293 dum
375 1236 423 1296 est
449 1236 481 1294 et
509 1232 682 1294 inferiorem
706 1231 812 1296 Ovidio
835 1237 955 1310 poetam
978 1235 1075 1293 totam
1098 1233 1259 1311 epistulam
1282 1250 1399 1309 oompo-

278 1339 372 1400 suisae
401 1344 445 1416 et,
477 1331 617 1419 quoniam
645 1340 798 1418 hueusque
825 1359 931 1417 parum
958 1340 990 1400 in
1017 1360 1053 1400 ea
1081 1340 1265 1402 emendanda
1292 1359 1398 1417 operae

276 1450 441 1522 posuerunt
463 1448 598 1508 homines
622 1448 715 1527 doeti,
738 1448 835 1508 multa
857 1448 889 1508 in
910 1447 965 1508 illa
987 1447 1194 1510 emendatione
1217 1467 1313 1526 egere.

365 1552 422 1614 His
444 1555 540 1634 igitur
562 1573 636 1633 quas
660 1555 837 1617 adumbravi
854 1555 891 1614 de
910 1553 1006 1646 nausis
1025 1554 1164 1631 adduoor,
1186 1557 1222 1615 ut
1240 1554 1398 1631 epistulam

277 1661 415 1720 ultimam
441 1680 501 1722 non
528 1663 675 1722 Italorum
702 1662 895 1724 continuandi
917 1665 1023 1739 poetae
1050 1663 1143 1722 verba
1170 1660 1270 1722 studio
1297 1661 1399 1721 deberi

278 1771 418 1845 statuam,
442 1769 494 1828 sed
517 1768 574 1845 ipsi
596 1768 650 1846 illi,
673 1770 724 1846 qui
746 1770 858 1846 primos
881 1769 940 1828 XII
958 1787 1063 1830 versus
1081 1768 1255 1844 composuit,
1279 1768 1334 1827 hoo
1353 1770 1399 1827 est

277 1874 410 1935 eiusdem
424 1875 487 1935 fere
502 1875 610 1936 aetatis
623 1879 739 1953 poetae,
756 1895 816 1952 qua
829 1875 921 1936 aeteri
936 1874 1035 1936 Ovidii
1049 1877 1211 1935 sectatores
1225 1875 1399 1936 floruerunt.

800 2067 870 2148 11.

365 2196 433 2256 Non
454 2215 511 2274 par
533 2196 586 2257 sed
609 2197 715 2257 similis
741 2201 789 2257 est
810 2216 952 2258 versuum
974 2197 1040 2274 XV,
1058 2198 1211 2258 39-142
1235 2214 1332 2272 eausa,
1355 2198 1398 2271 ut,

277 2303 303 2362 11
325 2303 410 2364 illam
432 2303 605 2381 vicerimus,
627 2305 703 2364 hane
726 2322 787 2363 non
809 2305 901 2364 simus
923 2303 1078 2380 perdituri.

365 2411 465 2488 Atque
488 2410 618 2487 primum
642 2411 745 2471 eadem
769 2413 858 2487 atque
878 2410 925 2469 illi
944 2429 989 2487 ep.
1008 2410 1063 2469 XX
1081 2429 1185 2471 versus
1204 2410 1261 2471 fide
1279 2410 1312 2469 hi
1330 2409 1398 2472 CIV

276 2534 381 2576 versus
407 2517 513 2576 traditi
540 2536 606 2577 esse
632 2517 779 2578 videntur.
824 2517 942 2578 Desunt
968 2517 1000 2576 in
1028 2517 1164 2578 omnibus
1192 2517 1342 2577 oodieibus
1368 2519 1399 2576 et

279 2621 453 2682 melioribus
477 2625 508 2683 et
530 2623 728 2684 deterioribus
752 2628 784 2685 et
804 2624 836 2684 in
853 2623 997 2683 Planudis
1019 2624 1156 2684 versione
1178 2641 1286 2701 graeoa
1309 2625 1399 2700 atque

276 2729 406 2806 primum
428 2730 557 2790 eduntur
579 2731 609 2790 in
634 2731 763 2791 editione
782 2729 938 2790 Parmensi
955 2749 980 2791 a.
1004 2733 1096 2792 1477.
1139 2728 1224 2801 Quod
1242 2733 1399 2807 praeterea

277 2835 468 2897 inveniuntur
494 2836 527 2897 in
552 2837 652 2898 oodioe
675 2837 804 2914 quodam
826 2836 966 2897 Palatino
988 2836 1063 2896 nihil
1085 2837 1186 2896 valere
1209 2840 1297 2914 puto,
1325 2855 1396 2914 quo-

277 2942 358 3002 niam
380 2962 464 3017 eum,
487 2962 554 3004 eum
576 2943 652 3003 nihil
675 2943 830 3020 seripturis
853 2943 975 3004 abillis
999 2943 1126 3019 differat,
1150 2962 1172 3006 s.
1191 2943 1248 3002 XV
1272 2947 1398 3004 exeunte

277 3049 326 3107 vel
353 3047 424 3108 XVI
452 3070 488 3110 ex
514 3051 579 3126 ipso
608 3051 772 3127 exemplari
794 3051 895 3128 aliquo
917 3050 998 3128 typis
1022 3067 1162 3127 expresso
1185 3050 1399 3127 transcriptum

276 3173 342 3214 esse
369 3157 538 3216 hominibus
565 3157 659 3218 deotis
687 3157 847 3217 verisimile
875 3161 930 3218 eat.
953 3189 996 3199 -
1019 3157 1055 3216 In
1083 3156 1263 3218 editionibus
1296 3158 1398 3235 primis

276 3281 381 3323 versus
400 3263 468 3323 illos
487 3257 600 3324 ‘reeens
619 3266 754 3341 repertos
773 3283 838 3325 esse
859 3265 890 3324 in
912 3265 1011 3325 codice
1034 3258 1251 3341 antiquissimo’
1275 3265 1398 3326 adnota-

168 3417 172 3424 .
279 3373 336 3430 tur.
383 3369 451 3430 Tali
473 3371 662 3450 antiquitatis
685 3371 780 3449 laudi,
807 3391 875 3432 oum
897 3371 942 3432 ita
964 3373 1138 3449 plerumque
1162 3389 1238 3433 eaeo.
1255 3371 1328 3432 XIV
1350 3374 1398 3433 vel

276 3477 332 3535 XV
355 3478 425 3538 libri
447 3478 541 3539 nitide
565 3479 668 3556 seripti
686 3479 880 3556 honorentur,
902 3497 963 3540 non
980 3480 1109 3540 multum
1127 3477 1319 3540 tribuendum
1338 3481 1397 3554 eet3

276 3603 457 3663 quamquam
484 3604 543 3645 non
570 3584 659 3645 aliter
685 3589 775 3662 atque
803 3605 846 3662 ep.
866 3584 921 3644 XX
949 3603 1043 3661 paene
1070 3588 1167 3646 totam
1197 3605 1247 3646 eoa
1270 3606 1303 3646 re
1326 3605 1399 3646 vera

276 3692 308 3750 in
330 3691 429 3752 eodioe
445 3710 517 3770 passe
536 3696 681 3769 repertos,
704 3711 756 3752 our
774 3693 954 3770 diffidamus,
976 3711 1098 3752 oausam
1116 3712 1176 3753 non
1193 3693 1289 3768 video,
1311 3712 1396 3770 prae-

277 3799 381 3858 sertim
408 3817 476 3858 eum
503 3797 599 3859 Aldus
625 3799 689 3876 ipae
718 3817 768 3860 eoa
797 3799 913 3876 spurios
942 3819 1007 3860 esse
1035 3800 1152 3862 indioet.
1180 3833 1223 3843 —
1254 3800 1339 3871 Quod
1366 3802 1397 3859 in

276 3905 426 3966 nonnullis
454 3905 610 3966 heroidum
637 3906 768 3985 itemque
796 3907 827 3966 in
850 3906 943 3968 totius
967 3906 1067 3968 Ovidii
1089 3907 1270 3968 editionibus
1293 3908 1397 3984 primis

276 4031 336 4073 non
358 4013 499 4090 leguntur
521 4031 645 4090 versus„
658 4033 718 4073 non
741 4016 787 4074 est
805 4013 980 4091 urgendum.
1022 4015 1096 4074 Veri
1114 4015 1193 4074 enim
1212 4013 1396 4074 simillimum

276 4123 323 4182 est
350 4120 381 4180 in
409 4119 452 4180 eis
479 4139 572 4179 unum
598 4119 728 4181 oodioem
754 4121 906 4198 integrum
932 4121 1014 4198 typis
1045 4139 1217 4197 expressum
1240 4139 1318 4196 esee,
1346 4121 1397 4198 qui

279 4226 346 4287 CIV
369 4225 486 4287 Paridis
510 4227 656 4305 epistulae
681 4246 786 4288 versus
809 4247 868 4288 non
890 4227 1076 4304 praebuerit,
1103 4226 1218 4288 inillis
1241 4226 1396 4286 heroidum

277 4333 464 4410 editionibus,
478 4355 555 4410 quae
569 4353 620 4395 eos
634 4338 818 4412 receperunt,
831 4335 907 4396 alios
921 4354 1036 4413 quoque
1050 4334 1143 4395 libros
1158 4338 1188 4395 st
1202 4353 1253 4395 eos
1267 4333 1395 4394 rariores
