3206 4928
675 373 897 439 ..ss3..

222 557 393 636 explicetur.
445 557 550 635 Neque
576 557 608 617 in
636 557 692 616 hac
720 577 752 617 re
779 557 963 618 haerendum
990 560 1049 634 est,
1082 555 1162 633 quod
1188 557 1348 634 postquam
1452 589 1456 604 ι

222 667 357 727 narravit
373 665 483 742 Paris,
515 669 628 740 quanta
658 683 726 724 oum
754 663 952 724 admiratione
969 657 1110 740 ¹primum
1137 663 1262 724 vidisset
1288 662 1349 721 He-

223 775 336 850 lenam,
364 773 474 833 itemm
502 774 716 833 commemorat
743 771 804 830 iam
826 773 918 830 antea
947 790 978 830 se
1002 771 1038 829 de
1062 770 1126 830 eius
1148 769 1348 846 pulcritudine

105 912 115 930 ·
222 881 361 940 audiisse.
407 880 486 939 Nam
513 881 569 939 hoc
597 880 695 956 ipsum
718 869 956 938 additamentum
979 877 1060 938 illius
1083 876 1230 936 enuntiati
1254 868 1348 957 (135)

221 987 284 1048 vim
315 1004 497 1063 magnopere
529 988 628 1064 auget.
665 1016 703 1026 -
737 984 873 1061 Itemque
904 985 979 1044 bene
1012 983 1121 1060 excipit
1153 1001 1273 1043 versum
1307 983 1348 1040 38

204 1103 206 1112 ’
222 1112 329 1154 versus
353 1095 395 1154 39
412 1111 455 1168 sq.

314 1199 373 1260 Sed
401 1199 480 1276 quod
508 1199 652 1258 maiorem
679 1197 740 1256 rim
770 1196 875 1272 habet,
902 1200 937 1256 ut
959 1196 1072 1255 relicua
1094 1194 1213 1254 Paridis
1236 1197 1267 1255 et
1289 1193 1349 1254 He-

223 1308 309 1366 lenae
338 1307 484 1383 epistulae
512 1309 592 1366 reote
620 1305 848 1382 intellegantur,
876 1301 944 1361 ΟΝ
970 1302 1016 1360 illi
1042 1319 1148 1362 versus
1176 1301 1251 1362 adeo
1280 1304 1350 1360 sunt

224 1414 395 1490 necessarii,
419 1417 454 1473 ut
476 1413 595 1474 omissis
618 1412 679 1471 illis
703 1411 766 1470 sine
790 1409 879 1469 dubio
903 1410 1009 1468 lacuna
1033 1409 1192 1468 statuenda
1214 1402 1296 1489 sill).

313 1520 436 1580 Summa
463 1539 580 1595 eorum,
604 1537 680 1594 quae
703 1519 893 1578 continentur
915 1516 975 1575 illis
999 1516 1148 1592 versibus,
1173 1519 1288 1592 spectat
1310 1515 1348 1574 ad

227 1626 345 1686 Paridis
369 1627 510 1688 iudicium
533 1626 661 1686 maxime
687 1645 780 1702 eaque
803 1643 878 1701 quae
906 1627 937 1684 et
963 1627 1189 1701 praecesserunt
1217 1627 1248 1682 et
1274 1623 1348 1681 illud

227 1736 329 1792 secuta
352 1737 429 1794 sunt.
472 1733 544 1805 Quis
567 1753 639 1794 vero
662 1751 731 1792 cum
752 1733 910 1808 poetarum
927 1729 1090 1790 latinorum
1110 1732 1176 1788 tum
1194 1729 1348 1790 heroidum

227 1838 439 1900 Ovidianarum
461 1859 573 1918 gnarus
594 1841 734 1926 animum
761 1838 883 1898 inducet
911 1837 998 1896 huius
1028 1836 1174 1913 epistulae
1197 1839 1348 1896 auctorem

213 1949 289 2032 ¹tam
316 1945 428 2007 bellam
455 1945 531 2004 illud
558 1944 745 2005 describendi
773 1944 957 2005 occasionem
984 1944 1085 2020 potius
1107 1943 1349 2020 praetermittere

225 2056 257 2112 et
284 2052 418 2112 breviter
444 2056 564 2112 tantum
591 2053 680 2112 modo
704 2052 759 2112 hoc
782 2051 870 2111 modo
898 2052 951 2110 illo
974 2051 1039 2110 loco
1063 2069 1127 2110 rem
1150 2050 1248 2109 obiter
1270 2068 1347 2108 com·

225 2177 392 2218 memorare
416 2159 567 2233 maluisse,
590 2178 680 2238 quam
703 2159 892 2234 aptissimum
914 2157 970 2217 hoc
993 2161 1024 2217 et
1047 2157 1252 2234 gratissimum
1274 2157 1348 2216 arri·

225 2283 297 2340 pere
326 2264 557 2341 argumentum?
603 2264 668 2325 Hoc
697 2266 775 2324 onim
803 2265 835 2323 in
862 2263 999 2323 omnibus
1026 2263 1090 2322 fere
1118 2263 1255 2340 epistulis
1283 2263 1349 2323 fieri

225 2372 370 2448 videmus,
396 2374 431 2430 ut
453 2374 543 2447 poeta
565 2376 635 2431 ante
660 2371 759 2431 omnia
780 2374 954 2430 narrantem
976 2369 1097 2430 inducat
1119 2370 1273 2430 heroinam
1296 2374 1349 2429 aut

225 2479 355 2552 heroem,
378 2478 429 2554 qui
452 2478 565 2538 factum
589 2479 637 2555 sit,
660 2483 696 2538 ut
720 2491 821 2538 amare
839 2478 992 2554 inciperet.
1032 2478 1132 2554 Atque
1151 2496 1186 2537 eo
1205 2477 1349 2553 processit

225 2586 281 2644 hoc
303 2586 401 2662 ipsam
428 2585 563 2646 fabulam
591 2585 765 2645 delineandi·
784 2585 930 2662 studium,
957 2588 993 2643 ut
1018 2586 1178 2645 nonnullae
1202 2585 1348 2660 epistulae

226 2692 388 2751 maximam
406 2695 523 2768 partem
542 2692 654 2752 talibus
672 2691 783 2751 fabulis
802 2690 1001 2750 conficiantur.
1038 2690 1143 2766 Neque
1163 2691 1241 2749 enim
1259 2709 1348 2750 verae

226 2807 296 2858 suut
315 2799 470 2875 epistulae,
494 2798 546 2858 sed
569 2799 695 2859 lectores
716 2798 905 2874 potissimum
923 2797 1072 2857 Romanos
1092 2797 1241 2856 delectare
1260 2801 1349 2873 poeta

226 2905 329 2980 elegiis
352 2906 448 2964 voluit
471 2905 542 2964 suis.

317 3009 367 3068 Ad
389 3012 557 3086 complures
580 3017 681 3071 autem
704 2991 895 3086 res⁸respicit
913 3010 1046 3069 Helenae
1065 3028 1249 3087 responsum,
1272 3031 1348 3087 quae

226 3117 346 3175 omnino
368 3133 428 3174 non
451 3123 721 3178 commemorantur
744 3137 763 3176 a
781 3118 888 3177 Paride
906 3118 965 3177 nisi
983 3118 1015 3177 iu
1034 3118 1101 3178 CIV
1119 3119 1180 3178 illis
1199 3119 1348 3194 versibus3

226 3227 316 3298 atque
343 3223 435 3283 etiam
465 3226 568 3300 aperte
592 3219 710 3284 Helena
738 3243 769 3284 se
797 3243 815 3283 a
838 3224 945 3282 Paride
972 3225 1038 3301 ipso
1066 3243 1113 3284 res
1141 3225 1209 3284 illas
1231 3243 1346 3300 compe·

226 3331 300 3391 risse
324 3330 404 3418 dicit.
446 3331 482 3389 Id
504 3331 564 3389 iam
588 3331 832 3408 demonstraturi,
854 3350 891 3390 ne
914 3332 961 3391 bie
984 3332 1063 3389 idem
1085 3332 1172 3392 nobis
1191 3329 1347 3390 dicendum

227 3437 274 3512 sit,
297 3438 378 3497 locos
401 3439 433 3526 et
451 3438 585 3496 Helenae
608 3437 755 3514 epistulae
778 3441 810 3497 et
832 3437 913 3496 illius
936 3438 1031 3514 partis
1052 3441 1207 3514 suspectae
1226 3438 1283 3496 sibi
1302 3457 1346 3496 re·

227 3542 406 3619 spondentes
434 3563 657 3621 componamus,
685 3564 743 3621 quo
772 3545 934 3605 efficiamus
952 3549 994 3604 'et
1016 3544 1181 3604 desiderari
1203 3545 1348 3621 quaedam

227 3648 258 3706 in
280 3648 397 3709 Paridis
425 3652 554 3727 epistula
581 3655 613 3712 et
636 3651 704 3712 CIV
732 3652 799 3711 illos
823 3671 928 3713 versus
951 3651 989 3710 ad
1012 3654 1148 3711 lacunam
1172 3651 1347 3728 explendam

224 3757 369 3850 perfecte.
381 3759 536 3833 quadrare.

227 3896 441 3906 --—---·--—

298 3948 325 4014 1)
344 3946 385 4002 De
409 3948 463 4001 hac
486 3962 516 4000 re
539 3947 572 3999 ut
595 3945 629 4000 de
654 3962 762 4001 summa
784 3948 1011 4018 argumentomm
1035 3948 1147 4018 saepius
1171 3947 1346 4018 disputatum

231 4033 275 4086 est
294 4034 475 4104 camapio,
493 4033 608 4088 Loersr'o
625 4035 687 4089 aliis
705 4035 735 4088 in
753 4035 931 4107 editionibus,
951 4055 968 4091 a
986 4037 1108 4106 Wcrfcro
1120 4039 1150 4092 in
1164 4037 1234 4092 actis
1248 4037 1346 4106 philol.

227 4121 334 4176 Monac.
349 4122 370 4176 1.
385 4141 412 4193 p.
428 4129 488 4191 512,
508 4140 526 4178 a
544 4123 718 4194 Sedluroycro
735 4124 819 4195 proll.
839 4125 900 4181 crit.
919 4143 945 4194 p.
961 4130 1004 4181 34.
1033 4126 1093 4182 Hoc
1111 4127 1173 4181 loco
1191 4125 1278 4181 liceat
1294 4127 1346 4181 hos

226 4211 343 4281 afferre,
366 4229 401 4266 ue
424 4213 452 4268 in
476 4212 608 4284 singulis,
631 4221 703 4281 quae‘
725 4212 769 4266 illi
791 4213 848 4267 iarn
867 4215 1065 4282 exposuerunt,
1087 4214 1201 4270 nomina
1220 4231 1290 4284 opus
1309 4215 1347 4268 sit

226 4301 362 4370 repetere.
