3206 4928
745 402 960 470 ..34..

292 578 458 673 videtur¹),
489 585 565 649 illud
593 607 709 667 quoque
743 588 879 666 offendit,
912 588 991 666 quod
1023 608 1083 648 non
1113 589 1302 666 exprimitur,
1334 587 1413 666 quod

218 763 222 772 ,
293 699 412 778 quidem
434 701 622 775 expectatur,
645 697 793 756 Helenam
816 699 935 773 raptam
959 715 1024 756 esse
1047 716 1066 756 a
1089 697 1211 756 Theseo.
1252 700 1257 709 '
1337 678 1342 689 ⁵

296 835 299 845 ν
379 805 573 865 Desiderasse
589 805 709 865 videtur·
722 803 919 864 Lemniadum
937 804 1086 881 facinoris,
1107 804 1185 880 quod
1203 803 1316 880 passim
1334 823 1413 862 com-

291 915 477 972 memoratur
499 912 537 972 ab
561 911 730 989 Hypsipyle
752 904 839 994 (VI),
863 911 1096 987 excusationem,
1119 911 1171 987 qui
1194 911 1363 987 composuit
1383 930 1412 971 1.

293 1019 346 1096 11,
371 1021 443 1096 136,
470 1007 545 1079 nio:

409 1123 608 1185 Lemniadum
630 1126 744 1185 facinus
768 1125 869 1202 culpo,
892 1144 952 1184 non
974 1125 1081 1202 miror,
1103 1124 1210 1199 Jason,

451 1230 622 1301 Quamlibet
644 1233 730 1293 iratis
753 1233 816 1310 ipse
840 1233 892 1292 dat
915 1251 999 1292 arma
1021 1232 1114 1293 dolor.
1139 1263 1178 1274 —
1206 1225 1263 1313 (Ita
1280 1223 1412 1313 Merkel.)

383 1355 543 1417 Sedtamen
562 1357 759 1417 Lemniadum
781 1357 857 1416 illud
875 1357 990 1418 facinus
1012 1361 1048 1418 ut
1066 1356 1255 1429 excusatione
1273 1356 1410 1416 defenda-

167 1520 173 1534 ,
290 1468 350 1540 tur,
368 1483 464 1542 neque
478 1464 532 1522 illa
545 1465 638 1522 verba
652 1483 687 1522 eo
704 1463 777 1524 satis
791 1465 903 1540 valent,
917 1483 1013 1542 neque
1028 1463 1146 1523 omnino
1160 1464 1340 1539 postulatur.
1367 1463 1411 1520 De

254 1641 256 1649 s
291 1591 323 1632 se
337 1571 403 1649 ipsa
417 1571 496 1630 enim
505 1568 675 1647 Hypsipyle
689 1571 755 1648 agit
769 1574 800 1631 61
814 1572 894 1648 quod
908 1571 946 1630 ad
959 1571 1081 1630 illarum
1095 1571 1205 1632 attinet
1219 1570 1324 1647 scelus,
1339 1569 1411 1628 satis

291 1678 409 1755 premit,
432 1696 464 1738 66
482 1678 528 1736 illi
546 1697 606 1737 non
624 1663 803 1742 interfuisse.
819 1736 836 1756 x
848 1679 947 1756 Atque
971 1698 1039 1738 cum
1057 1679 1088 1738 in
1106 1678 1256 1756 prioribus
1274 1676 1410 1736 versibus

291 1783 459 1862 Hypsipyle
483 1786 606 1845 Medeae
629 1791 724 1847 semet
747 1786 843 1863 ipsam
869 1805 1020 1868 opponens
1040 1784 1300 1860 demonstraverit,
1323 1802 1412 1861 quam

293 1891 468 1952 sceleratam
486 1891 544 1968 ipsi
562 1893 656 1952 bonae
671 1892 797 1970 piaeque
811 1892 832 1950 J
833 1911 906 1952 ason
921 1891 1136 1970 praeposuerit,
1151 1895 1242 1968 atque
1256 1889 1412 1951 concludat

291 1999 367 2058 hanc
377 1999 557 2058 seutentiam
566 2003 670 2077 aperte
680 1999 807 2060 disticho
820 2002 892 2076 137,
901 2001 973 2076 138,
987 1999 1018 2056 in
1027 1988 1170 2076 proximis
1180 2001 1283 2058 autem
1295 2000 1355 2057 141
1369 2015 1410 2071 sq.

291 2105 328 2165 ad
346 2106 434 2182 plane
451 2124 562 2165 novam
579 2106 792 2184 cogitationem
810 2103 953 2182 transeat,
977 2105 1023 2164 illi
1041 2125 1146 2166 versus
1163 2103 1325 2178 interrupti
1343 2105 1411 2162 sunt

291 2211 430 2289 omnique
450 2216 552 2273 carent
570 2231 656 2275 nexu.
675 2244 712 2254 -
733 2213 848 2273 Deinde
867 2216 901 2272 ut
921 2231 981 2272 non
998 2231 1123 2290 urgeam
1142 2211 1220 2288 quod
1239 2214 1303 2270 tam
1320 2210 1409 2268 inele-

290 2322 398 2398 ganter
416 2337 506 2396 quam
524 2319 659 2379 consulto
678 2319 710 2379 11
727 2339 754 2380 1.
772 2322 833 2379 139
849 2319 928 2378 inter
943 2337 974 2378 66
989 2321 1180 2395 opponuntur
1193 2317 1286 2378 verba
1301 2308 1410 2392 ‘culpo'

291 2430 322 2486 61
340 2419 464 2502 ‘miror',
488 2445 564 2501 quae
586 2444 647 2485 non
668 2426 814 2502 praebent
832 2424 968 2485 notiones
987 2424 1066 2484 inter
1085 2443 1117 2484 66
1135 2423 1316 2484 contrarias:
1335 2423 1366 2480 in
1383 2441 1411 2483 1.

294 2534 365 2610 140,
380 2531 459 2609 quod
472 2531 504 2590 in
513 2530 666 2590 Puteaneo
681 2534 773 2607 extat,
788 2525 965 2607 ‘quamlibet
979 2525 1076 2592 iratis'
1086 2531 1175 2606 plane
1185 2530 1285 2608 inepte
1295 2530 1410 2590 dicitur.

292 2639 476 2701 Coniecturis
499 2639 594 2716 igitur
615 2642 782 2716 temptatus
801 2643 848 2699 est
865 2639 957 2715 locus,
980 2642 1070 2715 atque
1088 2638 1244 2716 proposuit
1262 2637 1311 2696 Fr.
1330 2634 1410 2696 Heu-

291 2747 427 2824 singerus
442 2740 619 2823 ‘quamlibet
636 2740 773 2806 infirmis'
792 2746 842 2806 vel
861 2739 1033 2823 invalidis,
1052 2764 1179 2821 quornm
1197 2745 1273 2805 illud
1289 2743 1411 2804 novavit

200 2907 201 2910 ,
290 2852 469 2931 Madvigius,
492 2856 523 2912 et
542 2852 629 2913 Oonr.
648 2851 853 2930 Heusingerus
872 2847 1050 2930 ‘quamlibet
1068 2845 1192 2914 inritis'.
1232 2852 1298 2911 Iam
1314 2851 1410 2910 multo

293 2950 362 3020 ante
381 2959 464 3019 aliud
487 2979 604 3036 quoque
626 2959 806 3022 vocabulum
828 2958 1052 3019 desideraverat
1073 2960 1100 3018 is
1118 2958 1169 3035 qui
1187 2957 1346 3018 Mtonensis
1366 2975 1410 3016 re-

290 3067 460 3126 censionem
483 3067 568 3145 fecit,
597 3085 665 3126 oum
687 3065 850 3127 correxerit
873 3060 1038 3143 ‘quodlibet
1060 3065 1098 3126 ad
1121 3059 1257 3142 facinus',
1279 3064 1411 3140 itemque

183 3237 187 3249 ,
290 3173 381 3232 medii
399 3173 465 3235 aevi
484 3178 633 3234 corrector
651 3173 781 3251 quidam,
801 3173 852 3250 qui
871 3173 999 3250 scripsit,
1022 3167 1184 3248 ‘quaelibet
1202 3165 1311 3248 iratis',
1334 3171 1411 3247 quod

290 3407 418 3464 quemur
439 3387 610 3448 coniectura
632 3388 697 3465 hoc,
719 3391 754 3446 ut
777 3386 905 3447 satisfiat
929 3387 1104 3463 sententiae,
1127 3405 1212 3463 quae,
1234 3389 1269 3444 ut
1288 3385 1325 3444 ad
1344 3405 1410 3461 pro·

290 3495 371 3553 xima
393 3494 485 3554 verba
508 3494 647 3570 quadret,
676 3482 739 3553 sine
762 3494 852 3554 dubio
875 3493 948 3554 haec
972 3513 1037 3552 6666
1061 3492 1162 3552 debet:
1193 3491 1346 3568 quodlibet
1373 3489 1411 3549 ed

290 3602 405 3660 facinus
432 3601 482 3659 161
509 3599 683 3660 mitissimas
711 3600 837 3660 feminas
867 3599 950 3659 furor
981 3591 1058 3680 (sive
1081 3599 1140 3676 ira,
1172 3589 1270 3679 dolor)
1298 3597 1409 3657 incitat.

291 3708 392 3786 Atque
421 3725 489 3766 cum
518 3727 553 3768 ex
581 3726 637 3766 am.
662 3707 686 3782 Ι,
711 3711 739 3783 7,
764 3709 805 3767 66
836 3709 902 3766 orta
930 3724 994 3766 6666
1022 3705 1181 3766 videantur
1207 3705 1313 3781 verba,
1341 3707 1411 3763 sunt

292 3814 487 3890 relinquenda
510 3817 541 3874 et
563 3813 756 3874 attribuenda
778 3814 1027 3890 interpolatorum
1050 3813 1188 3873 imitandi
1211 3811 1317 3872 studio.

380 3920 446 3978 lam
459 3939 531 3980 vero
545 3939 604 3979 uno
619 3921 684 3979 loco
700 3922 754 3979 hoc
768 3919 924 3981 consilium
942 3920 1000 3980 fuit
1018 3918 1230 3998 grammaticis,
1246 3921 1280 3976 ut
1295 3918 1410 3978 duobus

290 4027 425 4087 versibus
448 4027 577 4102 insertis,
601 4044 690 4102 quam
712 4046 777 4085 rem
799 4026 888 4086 nimis
912 4027 1028 4086 auxisse
1051 4025 1205 4086 videretur
1222 4027 1321 4100 poeta,
1344 4043 1410 4084 eam

290 4136 490 4195 attenuarent.
533 4133 610 4192 Sunt
632 4152 659 4194 1.
684 4133 708 4210 Ι,
733 4133 784 4210 85,
809 4135 849 4193 86
875 4133 1034 4194 subditicii.
1074 4132 1239 4208 Postquam
1261 4130 1410 4205 Penelope

370 4341 397 4408 1)
417 4337 451 4392 61.
470 4337 558 4392 Lehrs
576 4337 720 4408 Horatp.
735 4335 877 4391 GOXXIV.
897 4335 1078 4406 Eschenburg
1096 4336 1114 4392 l.
1130 4353 1152 4390 6.
1167 4354 1193 4406 p.
1210 4341 1234 4404 9,
1256 4340 1295 4401 13,
1317 4340 1350 4389 16
1370 4353 1410 4403 sq.
