3206 4928
673 399 888 468 ..ssf).⁴²

299 591 340 654 48
364 593 512 651 Arsurum
536 587 653 649 Paridis
676 591 762 647 vates
786 587 867 648 canit
888 587 968 646 Ilion
989 582 1061 665 igni.

309 697 495 775 Quamquam
518 715 578 755 non
601 699 647 755 est
669 694 855 754 reticendum
877 693 933 762 hoc
956 695 1020 754 loco
1045 694 1081 752 de
1105 712 1140 752 ea
1164 704 1254 752 causa
1272 693 1341 751 hae·

218 807 278 867 reri
306 825 407 882 posse,
435 804 514 881 quod
540 802 612 862 dicit
636 796 868 883 Helenae(XVI.
883 796 967 880 240)
995 803 1094 874 fauni
1121 791 1260 877 (urgetur
1287 799 1342 860 hoc

218 913 338 990 quidem
366 905 530 990 aRiesio),
559 913 593 969 ut
620 907 786 985 putandum
814 909 854 968 sit
877 927 943 967 eam
970 907 1007 966 ab
1036 906 1103 966 aliis
1130 906 1202 966 haec
1225 923 1341 981 compe·

218 1020 302 1082 risse.
343 1019 403 1078 Sed
421 1019 447 1078 si
466 1017 587 1094 quidem
605 1035 653 1076 res
673 1016 747 1076 adeo
766 1015 927 1092 premenda
946 1018 1000 1089 est,
1019 1013 1078 1072 nisi
1096 1012 1151 1072 hoc
1170 1013 1235 1071 loce
1252 1012 1342 1088 paulo

218 1126 475 1204 neglegentiorem
496 1124 589 1186 fuisse
612 1126 733 1199 poetam
757 1125 891 1182 statuere
914 1122 968 1196 vis,
992 1105 1097 1196 reapse
1120 1120 1204 1178 illam
1222 1119 1342 1194 potissi·

219 1253 301 1291 mum
324 1232 458 1290 fabulam
481 1235 546 1290 tum
569 1229 600 1288 in
615 1219 755 1288 'omnium
778 1245 830 1286 ore
849 1226 941 1286 fuisse
960 1225 1018 1286 dici
1035 1225 1163 1286 videtur.
1184 1257 1222 1267 -
1243 1225 1342 1301 Atque

219 1341 311 1400 etiam
340 1338 525 1398 Cassandrae
553 1335 797 1396 vaticinationem
832 1327 910 1416 (XV,
935 1310 1014 1415 122')
1047 1333 1274 1394 commemorari
1306 1333 1343 1392 ab

220 1448 336 1506 Helena
368 1446 419 1506 illo
452 1447 517 1506 loco
546 1448 619 1520 puto
648 1445 679 1502 et
707 1441 787 1518 quod
814 1441 885 1501 dicit
913 1434 1007 1520 (XVI,
1026 1433 1106 1523 239)
1133 1447 1234 1501 cutum
1261 1443 1344 1500 t'mco

220 1557 346 1614 taccitus
368 1556 399 1613 et
418 1551 497 1628 quod
515 1550 599 1610 addit
617 1553 683 1624 ipae
700 1549 821 1624 Pelasgo
840 1549 921 1608 Ilico
939 1567 1087 1617 arsurum,
1110 1567 1177 1609 cum
1196 1566 1255 1624 qua
1272 1565 1344 1607 voce

224 1659 359 1718 conferas
380 1657 473 1718 verba
495 1657 559 1732 XV,
582 1659 658 1715 123:

807 1762 919 1822 referes
941 1761 1212 1854 incendia-tecum,

409 1870 527 1941 Quanta
549 1888 602 1946 per
624 1869 679 1929 has
702 1869 798 1928 nescis
820 1869 940 1928 flamma
962 1872 1085 1945 petatur
1108 1888 1208 1945 aquas.

310 1977 444 2054 Denique
468 1976 619 2055 etiamude
642 1974 781 2036 Oenonae
805 1995 906 2035 amore
926 1976 1043 2036 Paridis
1067 1976 1226 2052 epistulam
1249 1975 1346 2052 egisse

223 2085 330 2145 docent
352 2085 425 2144 haec
448 2084 581 2144 Helenae
605 2085 698 2144 verba
720 2083 801 2159 XVI,
818 2086 894 2144 195:

384 2191 431 2250 Tu
454 2210 570 2267 quoque
594 2190 735 2251 dilectam
757 2192 868 2250 multos
891 2191 981 2250 infide
1004 2210 1058 2267 per
1080 2209 1174 2252 annos

426 2298 541 2357 Diceris
565 2296 707 2358 Oenonen
731 2297 903 2358 destituisse
922 2300 1015 2359 tuam.

384 2405 447 2464 Nec
468 2408 569 2465 tamen
592 2405 656 2480 ipse
679 2424 772 2482 negas
787 2449 793 2464 .
809 2451 838 2465 ..
1432 2489 1434 2492 Ι

312 2511 430 2572 Dicitur
453 2514 554 2572 autem
578 2511 614 2570 de
637 2512 693 2571 hoo
717 2531 818 2572 amore
841 2533 869 2574 v.
884 2512 948 2589 XV,
963 2499 1063 2588 96'sq.
1104 2513 1204 2588 Atque
1227 2512 1271 2572 ibi
1288 2531 1348 2572 uon

224 2618 283 2678 nisi
302 2617 442 2679 Oencnae
465 2638 574 2678 nomen
596 2620 677 2678 fama
701 2624 853 2696 acceptum
872 2619 1006 2696 generali
1025 2613 1247 2696 ‘nympharum'
1266 2640 1346 2680 men-

224 2725 312 2801 tioni,
340 2745 430 2802 quam
456 2745 548 2786 unam
576 2724 719 2786 Oenonen
746 2726 906 2802 respiciens
930 2727 1015 2786 Paris
1043 2746 1079 2786 ex
1107 2727 1251 2787 sermonis
1280 2746 1346 2787 con-

225 2833 381 2892 suetudine
395 2834 593 2894 usitatissima
606 2834 729 2911 fecerat,
747 2833 864 2894 Helena
878 2833 1047 2894 substituit:
1065 2834 1123 2893 nisi
1137 2834 1215 2894 forte
1229 2836 1349 2910 praeter

226 2937 367 2998 Oenonen
382 2941 473 3000 etiam
487 2940 617 3000 Arisben
631 2941 791 3018 significari
804 2944 945 3018 putamus
961 2934 1011 3022 (cf.
1027 2941 1132 3018 Uesper,
1151 2941 1228 3000 Sinis
1242 2962 1270 3017 p.
1283 2932 1348 3020 91).

225 3045 388 3104 Praeterea
407 3046 523 3106 Helena
545 3047 611 3124 ipsa
634 3048 722 3107 claris
746 3048 846 3108 verbis
869 3048 942 3108 dicit
965 3048 1074 3108 dehoc
1093 3067 1193 3108 amore
1218 3065 1249 3106 se
1263 3065 1347 3108 aceu-

226 3152 340 3211 raticra
362 3153 539 3229 inquirendo
562 3156 750 3240 comperisse.
787 3154 856 3213 Alio
880 3159 982 3215 autem
1005 3157 1069 3216 loco
1093 3156 1222 3214 alterum
1246 3173 1349 3214 carum

225 3278 335 3334 rerum,
358 3279 432 3336 quas
456 3260 492 3319 de
511 3260 619 3320 Paride
644 3261 755 3337 scribit,
779 3261 893 3320 fontem
912 3261 1044 3320 Helenae
1062 3261 1155 3320 fuisse
1173 3263 1263 3346 poeta
1281 3279 1348 3320 oum

226 3367 335 3426 addere
358 3363 502 3443 noluerit,
530 3367 586 3426 hoc
613 3386 672 3426 uno
702 3387 770 3427 eum
798 3369 935 3427 consulto
964 3368 1051 3442 plura
1074 3366 1183 3426 dixisse
1207 3387 1296 3444 quam
1318 3367 1350 3425 in

226 3472 325 3546 priore
350 3474 478 3549 epistula
501 3478 600 3550 erant,
625 3475 817 3534 statuendum
840 3477 895 3534 est.

315 3579 358 3638 At
384 3579 528 3640 faciamus
556 3582 624 3641 illos
648 3580 717 3641 OIV
744 3600 849 3641 versus
876 3600 936 3642 non
959 3600 1025 3642 esse
1048 3583 1196 3658 profectos
1221 3601 1239 3641 a
1260 3585 1350 3658 poeta

227 3685 343 3761 eodem,
374 3685 425 3760 qui
447 3691 548 3746 cetera
570 3689 744 3765 composuit.
787 3689 864 3748 Tum
887 3689 1026 3766 queniam
1050 3691 1148 3750 obiter
1170 3689 1223 3748 illa
1245 3689 1349 3748 fabula

227 3791 275 3852 hio
298 3794 388 3868 atque
411 3793 473 3852 illic
497 3793 682 3870 significatur
704 3800 739 3856 ut
760 3797 927 3874 notissima,
950 3798 1043 3858 tacito
1065 3797 1151 3876 fingi,
1177 3797 1238 3856 iam
1261 3801 1350 3856 antea

227 3917 245 3956 a
267 3897 376 3960 Paride
399 3897 533 3960 Helenae
562 3902 661 3960 omnia
689 3921 755 3962 esse
782 3907 905 3964 narrata
932 3904 1059 3982 cogitari
1081 3904 1185 3981 possit.
1230 3905 1274 3964 At
1295 3904 1350 3963 hoc

228 4005 361 4065 statuere
384 4005 484 4066 verbis
508 4006 601 4082 ipsius
625 4006 741 4068 Paridis
764 4012 915 4069 vetamur:

364 4114 403 4170 17
428 4111 563 4190 Namque
587 4133 642 4190 ego
667 4113 767 4173 divino
790 4116 918 4192 monitu,
940 4134 976 4176 aa
998 4119 1096 4177 assota
1117 4135 1222 4192 pecces

461 4219 603 4282 Advehor
617 4269 623 4281 .
639 4265 646 4280 .
660 4267 667 4281 .

318 4323 454 4398 Itemque
477 4345 581 4386 versus
606 4329 647 4387 29
660 4347 702 4403 sq.
727 4329 816 4402 atque
835 4327 915 4403 XVI,
935 4330 1020 4388 3-6
1040 4327 1207 4386 luculenter
1230 4303 1376 4388 demon-⁸
