3206 4928
712 395 909 462 „2„„

248 571 336 653 illud,
370 573 449 656 quod
480 575 616 639 heroicae
645 579 754 640 aetatis
781 579 908 640 feminas
937 582 975 639 ab
1003 579 1112 686 amatis
1140 537 1374 659 coniugibusque

250 683 384 744 desertas
407 686 570 747 scribentes
593 686 715 748 inducit.

339 793 503 854 Praeterea
521 812 580 853 non
599 797 647 854 est
665 792 847 853 omittendus
866 793 1011 854 Prisciani
1031 795 1114 855 locus
1133 787 1375 875 (Institutionum

252 903 412 974 grammat.
426 900 445 960 l.
460 901 487 958 X
502 919 525 961 c.
542 903 560 960 9
576 920 605 976 p.
617 902 681 960 544
695 891 756 994 X),
775 898 827 959 ubi
840 894 952 960 citatur
966 894 1100 962 ‘Ovidius
1113 903 1145 962 ia
1158 895 1331 963 beroidibus’
1340 896 1373 984 1)Ι

249 998 426 1081 ‘Epistulae’
459 1007 553 1084 igitur
584 1011 650 1068 tum
677 1025 737 1066 non
763 1006 822 1066 fuit
848 1006 967 1084 integer
992 1007 1114 1085 titulus;
1145 1013 1241 1085 ne'que
1272 1012 1375 1088 tamen

248 1106 399 1175 ‘tendes’
422 1113 581 1190 inscriptas
604 1113 696 1174 firisse
716 1113 827 1190 elegias
851 1117 885 1174 ut
907 1118 1003 1192 putet,
1026 1114 1114 1174 facile
1136 1115 1294 1192 quisquam
1312 1117 1375 1176 ani·
1469 1133 1474 1140 ’

247 1240 330 1279 mum
357 1219 484 1282 inducet.
530 1221 715 1282 Priscianum
743 1240 828 1298 vero,
857 1241 925 1282 cum
952 1225 1090 1283 accurate
1112 1223 1274 1284 lectoribus
1297 1223 1372 1282 indi·

247 1327 373 1386 candum
401 1331 482 1388 esset
509 1347 583 1405 opus
607 1327 798 1404 Ouidianum,
825 1315 914 1388 usum
941 1349 1005 1390 esse
1031 1330 1120 1389 titulo
1143 1349 1203 1390 non
1226 1349 1244 1388 a
1267 1349 1299 1390 se
1322 1349 1372 1390 no-

246 1436 317 1494 vato
342 1434 394 1494 sed
415 1435 594 1512 pervulgato
617 1435 695 1495 ratio
719 1435 785 1511 ipsa
808 1434 915 1495 suadet
933 1439 968 1495 ut
985 1435 1149 1496 credamus.
1192 1436 1297 1514 Itaque
1320 1437 1372 1495 ille

246 1561 376 1618 quoque,
406 1541 485 1618 quod
512 1542 631 1619 quidem
658 1543 690 1601 in
717 1542 815 1620 operis
844 1541 969 1602 alieuius
998 1543 1279 1603 commemoratione
1307 1544 1373 1603 fieri
1487 1554 1489 1560 '

247 1649 331 1722 solet,
354 1647 578 1724 inscriptionem
601 1647 788 1709 decurtatam
810 1649 959 1709 communi
981 1649 1045 1709 fere
1069 1667 1125 1710 usu
1149 1653 1301 1726 receptam
1319 1650 1370 1710 ad-

245 1754 352 1815 hibuit.
399 1753 510 1825 Quodsi
533 1753 688 1830 utriusque
712 1758 743 1814 et
760 1754 889 1815 Nasonis
913 1758 945 1814 et
967 1754 1049 1814 illius
1072 1753 1278 1832 coniungimus
1302 1775 1370 1816 auc·
1462 1784 1466 1790 ·

246 1861 410 1938 toritatem,
432 1860 592 1938 genuinam
615 1861 839 1939 inscriptionem
857 1861 950 1921 fuisse
969 1865 1023 1921 aut
1042 1855 1192 1936 ‘epistotae
1209 1857 1371 1922 beroldum'

246 1970 300 2026 aut
323 1961 473 2042 ‘epistolae
494 1960 634 2029 bmoides'
657 1967 838 2028 eredendum
861 1971 917 2046 est,
941 1969 1003 2030 sive
1027 1987 1094 2028 eam
1116 1970 1206 2046 poeta
1223 1966 1287 2044 ipse
1307 1969 1369 2030 sive

246 2073 410 2133 carminum
434 2073 563 2136 editores
586 2092 646 2134 non
669 2075 764 2134 multo
787 2078 857 2153 post
880 2074 966 2133 illum
990 2078 1230 2151 composuerrmt.
1269 2075 1369 2151 Atque

245 2180 391 2242 Prisciani
414 2181 533 2258 quidem
555 2180 761 2242 testimonium
784 2181 812 2241 ei
834 2182 924 2259 paulo
946 2181 1043 2259 magis
1066 2180 1150 2241 favet
1173 2181 1312 2259 opinioni,
1334 2186 1370 2241 ut

246 2281 404 2365 ‘epistulae
426 2282 575 2350 heroides’
598 2289 822 2365 inscriptionem
844 2288 1005 2366 genuinam
1027 2288 1120 2348 fuisse
1145 2290 1321 2350 statuamus.

335 2395 441 2472 Neque
475 2395 571 2472 magis
603 2414 622 2454 a
649 2395 798 2456 codicibus
826 2396 1003 2457 adiuvamur
1032 2394 1236 2471 diiudicatum,
1268 2398 1370 2455 utrum
1452 2457 1455 2462 ,

245 2520 304 2561 uno
322 2501 400 2561 libro
419 2521 459 2561 an
476 2501 678 2579 compluribus
697 2503 769 2562 olim
788 2503 963 2563 coniunctae
977 2502 1091 2561 fuerint
1105 2501 1260 2578 epistulae.
1293 2500 1369 2560 Cum

245 2609 324 2668 enim
346 2609 479 2668 melioris
499 2614 587 2671 notae
606 2609 720 2670 codices
738 2610 769 2668 in
788 2611 955 2686 complures
974 2609 1067 2670 libros
1086 2625 1137 2666 eos
1156 2607 1288 2669 dividere
1306 2627 1366 2667 non

245 2715 415 2794 videantur,
443 2716 606 2778 deteriores
635 2709 787 2798 quidam2)
815 2718 863 2777 vel
891 2717 965 2778 duos
993 2717 1043 2778 vel
1068 2719 1129 2775 tres
1152 2715 1201 2775 vel
1224 2717 1368 2792 quattuor

244 2823 293 2882 vel
315 2823 444 2898 quinque
467 2823 656 2902 distinguunt
678 2824 780 2884 libros.
826 2824 925 2901 Atque
948 2823 1046 2883 Birtio
1070 2822 1106 2881 de
1130 2821 1194 2890 hac
1209 2841 1241 2881 re
1266 2822 1366 2899 dispu-

238 2921 353 3012 tantiss)
375 2907 599 3003 'oenacensem
629 2933 675 2990 est
702 2930 734 2989 in
764 2931 931 3006 complures
959 2933 1062 3006 partes
1091 2928 1162 2987 olim
1190 2928 1368 2998 distributas

243 3036 335 3096 fuisse
360 3037 503 3113 epistulas
522 3055 538 3096 e
558 3037 633 3097 satis
654 3037 858 3114 probabilibus
878 3036 979 3112 colligi
998 3034 1190 3111 argumentis
1231 3035 1275 3093 At
1297 3035 1367 3093 illae

244 3144 442 3205 recentiorum
469 3145 614 3205 librorum
641 3145 833 3223 partitiones,
862 3144 918 3204 etsi
944 3144 1072 3203 fortasse
1095 3141 1127 3200 in
1149 3141 1367 3218 antiquioribus

244 3251 403 3311 cuiuslibet
421 3251 574 3314 divisionis
597 3251 733 3330 vestigiis
757 3252 873 3328 positae
897 3255 976 3328 sunt,
999 3252 1080 3313 recte
1102 3248 1366 3326 grammaticorum

244 3357 351 3418 studiis
375 3361 405 3418 et
428 3359 553 3419 arbitrio
574 3358 799 3420 attribuuntur.'
831 3356 922 3418 Cuius
941 3357 985 3418 rei
1004 3356 1085 3416 aliud
1104 3354 1272 3430 exemplum
1291 3353 1365 3413 satis

243 3463 437 3524 memorabile
460 3463 585 3524 comiter
611 3483 727 3525 mecum
755 3463 983 3525 communicavit
1006 3462 1166 3540 Diltheyus
1190 3462 1367 3538 praeceptor

243 3571 407 3648 plurimum
428 3571 583 3649 colendus,
606 3572 685 3648 quod
710 3571 906 3632 Studemundi
929 3569 1056 3630 debetur
1078 3568 1217 3629 enotatis.
1259 3567 1296 3628 In
1318 3587 1365 3629 co·

243 3677 315 3738 dicis
348 3677 426 3736 enim
453 3676 649 3737 Laurentiani
682 3671 822 3761 (XXXVI
840 3669 903 3758 dl)
933 3673 1125 3754 glossematis
1153 3707 1196 3718 —-
1224 3675 1309 3736 velut
1335 3674 1366 3732 in

243 3805 288 3860 ep.
307 3784 378 3843 XIX
401 3786 432 3842 et
455 3784 510 3842 XX
530 3785 714 3862 argumentis
734 3816 776 3827 —
796 3784 941 3861 scriptum
966 3785 1024 3843 est:
1049 3775 1143 3842 ‘Haec
1165 3780 1287 3842 missine
1305 3780 1366 3856 epi-

243 3892 336 3968 stula,
365 3907 454 3966 quam
481 3890 577 3951 mittit
599 3891 744 3952 Acontius
768 3890 934 3969 Cydippae,
961 3893 1009 3950 est
1040 3889 1137 3966 prima
1164 3905 1234 3963 pars
1257 3885 1365 3945 tertiae

317 4081 344 4150 1)
364 4079 446 4146 Quod
460 4077 491 4132 in
504 4077 942 4150 Manogaldildetamorphoseon
955 4075 1190 4146 explicationibus
1205 4073 1251 4146 (of.
1261 4073 1365 4145 Haupt.

243 4187 338 4240 opusc.
360 4169 409 4222 ill.
428 4186 455 4238 p.
471 4169 534 4238 588)
558 4167 669 4238 saepius
693 4169 728 4223 de
754 4168 924 4224 ‘heroidum'
948 4165 1021 4220 libro
1045 4164 1162 4233 dieitur,
1189 4180 1246 4219 non
1271 4180 1364 4234 urgeo.

314 4261 342 4328 2)
362 4259 404 4314 ef.
418 4258 583 4330 Sedimcqer,
597 4258 704 4328 proleg.
721 4257 782 4312 crit.
797 4257 833 4314 ad
846 4256 953 4312 heroid.
969 4253 1049 4310 Ovid.
1079 4253 1162 4309 Wien
1178 4259 1247 4309 1878
1262 4271 1289 4323 p.
1306 4259 1363 4306 104.

315 4353 341 4417 3)
361 4349 430 4402 Mus.
446 4347 532 4402 Rhen.
547 4366 574 4410 n.
590 4365 611 4400 s.
626 4347 730 4400 XXXII
743 4365 771 4416 p.
787 4339 851 4403 3941
