3206 4928
717 375 932 437 „68-

268 559 434 616 morantem
457 556 551 633 fingat
573 555 727 631 Paridem,
751 556 885 616 consulto
908 557 983 616 illud
1007 555 1151 616 omisisse.
1199 559 1245 616 An
1268 557 1323 616 hoc
1345 556 1389 633 ip·
1414 531 1418 540 ⁸

257 659 336 722 'sum
367 682 459 740 grave
491 683 524 722 ac
557 681 700 739 magnum
731 664 823 722 fuisse
852 665 949 724 latet?
982 666 1073 724 immo
1101 665 1282 724 accusandus
1311 667 1391 724 esset

267 774 360 848 poeta
382 770 591 848 neglegentiae
619 774 650 830 et
678 770 825 846 levitatis,
854 771 879 830 si
905 772 1039 832 fabulam
1069 772 1188 832 silentio
1215 772 1389 848 praetermi-

269 879 369 955 sisset,
397 898 487 954 quam
514 877 636 954 insuper
663 899 691 938 v.
712 881 806 954 51sq.
835 881 866 936 et
894 882 988 956 8955.
1017 881 1054 939 ab
1083 900 1118 939 eo
1144 883 1297 939 narratam
1326 897 1390 938 esse

269 985 405 1044 efficitur.
446 985 482 1043 In
511 985 617 1044 lacuna
645 988 746 1044 autem
775 986 933 1045 statuenda
960 987 1045 1045 nobis
1069 986 1313 1063 acquiescendum
1336 989 1390 1046 eet.

358 1094 438 1151 Num
462 1095 563 1152 autem
587 1092 619 1150 hi
641 1111 746 1152 versus
768 1111 842 1168 quos
866 1093 1009 1152 excidisse
1032 1094 1198 1169 putandum
1220 1096 1275 1170 est,
1298 1093 1392 1170 excipi

269 1199 422 1278 potuerint
445 1219 464 1257 a
486 1219 512 1258 v.
530 1201 568 1258 51
595 1202 627 1258 et
652 1202 702 1274 52,
725 1199 881 1258 diiudicari
903 1217 973 1258 sane
991 1201 1104 1276 nequit,
1126 1201 1183 1259 hoc
1201 1203 1282 1259 certe
1300 1219 1390 1277 appa·

269 1327 335 1367 rere
364 1309 437 1384 puto
469 1325 564 1383 neque
592 1325 619 1366 v.
646 1309 688 1366 50
716 1310 747 1366 et
776 1309 815 1366 51
845 1325 899 1365 555
927 1309 968 1366 52
1002 1310 1033 1366 et
1061 1309 1102 1368 53
1136 1311 1199 1366 tam
1231 1311 1313 1368 arete
1343 1326 1390 1367 eo-

269 1417 393 1474 haerere
431 1433 520 1491 quam
556 1413 587 1471 in
621 1417 684 1472 tam
722 1413 849 1490 simplici
884 1414 1055 1473 narratione
1092 1418 1223 1491 putares.
1282 1413 1392 1474 Contra

269 1526 338 1600 post
360 1542 387 1581 v.
404 1524 446 1581 90
469 1520 657 1580 desideratur
679 1521 880 1596 enuntiatum,
909 1540 967 1596 quo
999 1522 1166 1582 accuratius
1190 1522 1391 1600 significentur

269 1635 338 1690 rota
360 1632 456 1703 sipon,
484 1646 559 1703 quae
587 1647 645 1687 vox
672 1628 737 1686 sola
763 1617 863 1704 posita
892 1632 971 1686 recte
995 1629 1131 1706 intellegi
1152 1630 1263 1705 nequit.
1310 1629 1391 1687 'Palis

272 1740 374 1795 antem
397 1733 564 1811 explicatio,
588 1753 655 1792 curn
679 1734 750 1793 insit
773 1734 804 1792 in
826 1734 963 1794 versibus
984 1737 1033 1809 51,
1050 1729 1134 1816 521),
1157 1736 1211 1795 hos
1230 1736 1392 1795 Heinsiaua

271 1862 342 1902 usus
366 1837 535 1902 coniectura
557 1843 626 1916 post
649 1859 769 1898 versum
789 1843 831 1901 90
854 1861 964 1918 ponere
987 1861 1048 1900 non
1070 1843 1212 1901 dubitem.

359 1949 493 2025 Denique
512 1947 570 2006 duo
589 1965 694 2006 versus
713 1950 824 2024 extant,
847 1947 906 2023 qui,
925 1952 961 2007 ut
978 1949 1147 2028 traduntur,
1166 1951 1284 2010 omnino
1304 1969 1392 2010 sensu

271 2060 386 2130 carent,
408 2055 452 2114 hi:
478 2109 480 2113 ,
696 2025 708 2048 ⁸

272 2167 313 2226 98
339 2165 418 2234 Quas
436 2183 525 2240 super
540 2161 691 2222 Oenonem
709 2161 800 2221 facies
815 2164 949 2230 mutarer
963 2156 998 2242 (f.
1013 2164 1059 2223 P.:
1078 2159 1227 2242 imitarer)
1245 2165 1277 2224 in
1291 2166 1393 2224 orbem

392 2271 455 2330 Nec
478 2269 598 2328 Priamo
622 2269 724 2328 estad
748 2262 794 2350 (a)
817 2273 848 2328 te
871 2269 989 2346 dignior
1012 2271 1075 2329 ulla
1096 2290 1198 2330 nurus.

273 2381 378 2438 Nonne
407 2379 533 2455 apparet
560 2378 615 2435 hoc
639 2375 787 2435 distichon
810 2371 847 2434 ab
872 2376 1036 2436 editoribus
1051 2378 1176 2455 primis,
1205 2398 1269 2438 oum
1295 2379 1394 2438 sanari

273 2505 361 2564 posse
390 2486 596 2561 desperarent,
625 2483 766 2542 emissum
793 2502 858 2542 5555
886 2485 973 2560 quale
1001 2485 1155 2545 inventum
1183 2489 1228 2546 est
1257 2485 1393 2545 inlibris

273 2611 364 2654 mauu
396 2593 535 2668 scriptis?
590 2593 694 2668 Neque
727 2591 806 2651 enim
836 2591 895 2651 uisi
921 2592 1112 2651 librariorum
1141 2594 1267 2670 proclivi
1294 2613 1393 2653 errore

273 2699 347 2759 adeo
371 2699 529 2775 depravari
551 2702 722 2775 potuerunt.

362 2805 510 2864 Medelam
534 2808 635 2864 autem
658 2805 735 2864 hanc
753 2823 844 2863 unam
862 2823 926 2864 esse
947 2809 1029 2883 puto,
1053 2810 1088 2866 ut
1106 2805 1262 2866 eiiciantur
1280 2828 1394 2870 versus.

273 2914 351 2972 Nam
379 2911 436 2970 etsi
463 2911 581 2987 singula
608 2911 701 2970 verba
729 2910 830 2987 qualia
857 2913 994 2987 fuerunt,
1022 2913 1151 2972 fortasse
1174 2915 1222 2974 vix
1245 2918 1280 2974 ut
1307 2916 1393 2974 resti·

273 3023 399 3080 tuantur
421 3017 583 3094 continget,
606 3019 707 3076 tamen
730 3019 942 3094 cogitationem
965 3023 1101 3095 apertam
1125 3039 1190 3080 esse
1212 3025 1295 3100 puto,
1319 3041 1394 3099 quae
1463 3087 1470 3096 ,

274 3146 341 3186 oum
368 3124 473 3202 putida
501 3128 533 3183 et
557 3123 677 3184 minime
707 3128 779 3201 epta
803 3125 850 3201 sit,
873 3126 943 3186 telis
967 3129 1131 3202 comparet,
1159 3129 1279 3203 qualem
1301 3130 1395 3189 lector

273 3253 332 3293 555
348 3233 420 3294 satis
434 3232 548 3309 doctus,
568 3251 636 3291 cum
650 3232 833 3292 desideraret
848 3223 986 3294 O'enonae
1000 3253 1116 3311 nomen,
1131 3234 1239 3295 addere
1252 3238 1394 3313 potuerit.

363 3341 518 3400 Permulta
546 3343 646 3400 autem
674 3340 734 3398 alia
762 3341 826 3418 sine
849 3340 939 3400 dubio
963 3359 981 3399 5
1003 3329 1107 3418 primis
1131 3341 1308 3420 editoribus,
1336 3364 1395 3421 qus

275 3451 362 3508 erant
384 3449 518 3509 doctrina
542 3451 572 3507 et
591 3446 688 3538 Ovidii
707 3447 824 3524 peritia,
847 3449 995 3509 recensita
1014 3452 1045 3508 et
1063 3454 1197 3510 correcta
1216 3455 1294 3512 sunt.
1334 3453 1394 3511 Ita-

274 3575 332 3631 que
359 3555 468 3614 mirum
495 3573 554 3613 non
582 3553 713 3630 videtur,
742 3554 820 3638 quod
848 3557 1086 3631 corruptelarum
1113 3576 1270 3616 numerum
1296 3559 1326 3617 in
1349 3559 1395 3617 his

275 3663 411 3722 versibus
434 3680 494 3720 555
515 3660 578 3720 fere
601 3663 719 3720 tantum
742 3680 807 3720 esse
830 3660 975 3738 videmus,
998 3665 1126 3737 quantus
1149 3664 1180 3722 in
1202 3656 1287 3724 libris
1307 3685 1396 3724 manu

276 3769 394 3844 scriptis
426 3766 624 3826 deterioribus
653 3785 718 3826 esse
746 3768 831 3828 solet.
882 3769 1017 3844 Denique
1045 3771 1221 3848 corruptelis
1249 3772 1396 3848 inquinati

276 3878 307 3934 et
335 3875 405 3933 sunt
432 3879 474 3948 et,
507 3893 567 3932 non
594 3874 682 3933 aliter
709 3877 799 3950 atque
827 3875 960 3935 carmina
987 3876 1137 3938 codicibus
1166 3878 1292 3954 tradita,
1325 3880 1395 3940 clim

349 4047 374 4114 1)
394 4046 497 4100 Postea
525 4044 599 4099 enim
624 4061 649 4098 v.
670 4049 721 4099 359
745 4047 831 4114 poeta
854 4046 972 4100 eandem
995 4045 1121 4100 fabulam
1145 4046 1304 4117 significare
1326 4049 1396 4104 mihi

276 4133 396 4188 videtur.
434 4134 533 4202 Neque
556 4131 644 4203 igitur
667 4151 702 4187 ea
725 4132 855 4188 dicuntur
877 4135 931 4189 hoc
950 4135 1012 4190 loco
1031 4138 1122 4207 cipue,
1147 4136 1182 4190 de
1201 4136 1303 4204 quibus
1322 4139 1396 4192 Serv.

277 4223 315 4276 ad
338 4222 421 4293 Verg.
446 4221 514 4281 Aen.
533 4222 567 4294 V,
588 4229 638 4280 370
661 4223 789 4282 tradidit.
828 4223 867 4284 cf.
890 4223 920 4278 0.
939 4226 1040 4294 dabo,
1066 4225 1212 4283 archtol.
1237 4227 1395 4299 Beitritge

276 4330 302 4387 p.
318 4318 369 4367 aro
385 4329 411 4369 n.
