3206 4928
659 355 878 421 ,14911

293 537 491 603 Inveniuntur
517 544 618 601 autem
646 540 743 600 iustae
769 539 977 616 inscriptiones
1003 530 1180 614 epistulares
1203 530 1241 597 ab
1265 549 1326 596 om*

205 651 293 710 nibus
311 648 459 709 codicibus
479 648 618 725 traditae,
641 648 672 706 in
695 647 802 723 quibus
820 646 904 705 nullo
922 648 1009 721 pacto
1028 645 1151 704 haerere
1169 645 1327 721 possimus,

205 758 236 816 in
259 757 321 816 her.
339 754 453 830 I-IV,
476 753 540 830 XV,
558 753 674 830 XVIII,
702 771 798 830 neque
824 751 950 850 delenda
973 770 1037 811 esse
1060 752 1157 827 prima
1180 770 1224 827 ep.
1244 750 1328 827 XIII,

204 863 285 938 XIV,
310 862 397 921 XVII
421 861 563 950 disticha,
590 864 625 920 ut
647 860 745 920 voluit
769 859 983 934 Sedlmayerus
1006 853 1095 937 (prol.
1119 858 1184 919 erit.
1207 879 1236 933 p.
1261 851 1327 939 67),

204 970 359 1030 Vahlenus
387 964 491 1044 nuper
512 961 546 1047 (1.
570 985 594 1025 c.
617 987 646 1041 p.
672 968 712 1026 18
737 959 796 1046 sq.)
825 965 898 1024 satis
927 964 1041 1042 docuit,
1069 969 1104 1024 ut
1126 964 1163 1024 de
1190 964 1237 1024 his
1265 983 1327 1023 am-
1379 950 1381 954 ⁷
1485 1046 1493 1053 „

204 1077 284 1153 plius
312 1074 395 1153 loqui
423 1074 615 1150 supersedere
643 1072 763 1148 possim.
794 1105 831 1114 -
859 1071 917 1131 Sed
944 1071 1017 1132 haec
1045 1090 1161 1149 quoque
1189 1071 1268 1130 inter
1296 1089 1327 1130 se

206 1184 324 1244 diversa
348 1187 418 1243 sunt
441 1181 541 1258 initia,
564 1199 660 1256 neque
685 1179 783 1238 omnia
807 1178 876 1238 stilo
900 1178 1056 1254 epistulari
1079 1178 1167 1254 plane
1191 1178 1327 1238 conveni·

207 1295 270 1351 unt.
315 1291 381 1349 Duc
410 1289 489 1350 enim
516 1288 638 1347 nomina
664 1288 714 1346 rel
737 1287 866 1346 afferunt
889 1286 937 1345 vel
960 1285 1033 1346 satis
1056 1285 1136 1344 clare
1160 1284 1328 1362 significant

207 1417 251 1473 ep.
275 1396 302 1474 I,
326 1396 370 1476 II,
398 1398 451 1474 IV,
479 1396 567 1472 XIII,
595 1394 660 1470 XV,
688 1394 775 1452 XVII
802 1393 1024 1470 inscriptiones,
1056 1411 1150 1450 unum
1182 1394 1328 1467 praebent

207 1503 262 1579 III,
276 1503 357 1579 XIV,
371 1503 484 1563 XVIII.
512 1503 677 1579 Utriusque
692 1501 810 1578 generis
824 1499 856 1558 111
870 1499 1007 1576 epistulis
1027 1517 1063 1558 ex
1076 1498 1173 1558 Ponto
1193 1499 1343 1585 exempla,

127 1685 131 1694 ἱ
207 1613 285 1685 sunt,
309 1609 397 1669 huius
419 1611 576 1685 praeterea
598 1608 736 1686 Byblidis
760 1607 890 1684 epistula
912 1608 960 1665 est
984 1597 1071 1686 (Met.
1094 1605 1146 1681 IX,
1171 1607 1235 1666 530
1259 1598 1328 1685 sq.).

296 1715 517 1792 Aggrediamur
544 1716 605 1774 iam
632 1735 677 1790 ep.
701 1715 737 1790 V,
760 1717 795 1790 X,
819 1713 870 1788 XI,
899 1731 1027 1790 quarum
1054 1712 1141 1771 initia
1167 1712 1223 1772 hoc
1249 1711 1329 1771 inter

208 1841 240 1881 11
269 1821 365 1881 simile
391 1822 518 1898 habent,
547 1821 626 1900 quod
653 1823 756 1898 aperte
784 1820 816 1878 in
844 1820 940 1879 altero
963 1818 1089 1879 disticho
1113 1819 1161 1879 vel
1183 1819 1215 1876 in
1237 1817 1328 1877 tertio

209 1920 280 2009 (XI)
304 1928 424 2004 dicitur,
455 1947 625 2006 equanam
647 1929 739 1988 missu
762 1927 802 1986 111
825 1927 954 2002 epistula
977 1930 1068 2004 atque
1091 1925 1122 1984 id
1144 1925 1188 1985 ita
1217 1925 1326 1983 indica-

208 2036 270 2110 tur,
298 2038 332 2095 ut
359 2038 425 2094 tum
452 2036 585 2112 primum
607 2035 729 2094 nomina
752 2033 852 2093 afferri
876 2036 1014 2109 apertum
1038 2031 1085 2092 sit.
1131 2030 1328 2110 Haecigitur

206 2142 303 2201 alters
324 2140 423 2200 forma
445 2145 492 2200 111
514 2139 717 2216 Inscriptionis
741 2139 916 2214 1111111111,
941 2157 1016 2215 quae
1039 2139 1145 2214 poetae
1169 2137 1328 2198 tribuenda

207 2249 253 2305 est
276 2245 455 2306 varietatem
479 2245 630 2305 effecturc.
672 2234 676 2252 ‘
1007 2242 1009 2246 ’

295 2351 465 2416 Decessisse
488 2352 583 2430 igitur
604 2356 726 2428 poetam
745 2352 781 2412 de
799 2352 898 2412 forma
916 2351 1068 2413 sollemnis
1087 2351 1166 2411 initii
1183 2351 1327 2427 videmus,

208 2464 299 2536 atque
323 2459 349 2518 si
371 2459 552 2518 conferimus
575 2478 591 2519 e
615 2459 647 2520 P.
671 2458 894 2535 11,1;111,1,
919 2463 952 2535 7;
976 2458 1024 2535 lV,
1045 2461 1074 2535 3,
1093 2460 1123 2534 4,
1147 2460 1176 2535 5,
1203 2461 1252 2534 10,
1278 2462 1328 2534 12,

211 2569 260 2641 14,
283 2567 336 2627 vel
357 2566 401 2625 itu
418 2565 501 2626 Naso
525 2565 690 2626 instituisse
713 2565 834 2626 videtur
858 2566 1011 2641 epistulas,
1034 2565 1192 2624 utstatim
1210 2566 1249 2624 ad
1267 2586 1328 2624 me-

207 2672 271 2731 dias
299 2691 347 2732 res
374 2673 497 2732 accedat
520 2677 610 2750 atque
635 2673 708 2732 satis
731 2673 843 2732 habeat
864 2691 974 2732 nomen
997 2672 1074 2748 eius,
1102 2673 1141 2730 ad
1164 2693 1253 2750 quem
1275 2673 1327 2732 dat

206 2780 338 2855 lilteras,
367 2779 464 2839 obiter
493 2781 593 2857 aliquo
617 2781 682 2840 loco
705 2799 962 2848 commemorasse.
1009 2779 1155 2840 Similiter
1176 2780 1208 2838 in
1230 2779 1327 2839 heroi-

208 2886 279 2945 dum
301 2887 438 2962 epistulis
461 2887 514 2963 VI,
538 2886 611 2965 VII,
635 2887 707 2963 XII,
732 2887 819 2966 VIII,
843 2887 898 2964 IX,
921 2887 1006 2964 XVI,
1030 2887 1113 2964 XIX,
1137 2887 1192 2946 XX
1215 2887 1328 2946 factum

208 2996 267 3069 est3
290 3012 361 3053 nam
383 3012 528 3070 personae
551 2994 635 3069 ipsae
654 2994 759 3054 statim
778 2999 1006 3070 cognoscuntur,
1030 2994 1091 3055 sire
1111 2995 1189 3072 quod
1207 2995 1328 3054 nomina

207 3099 394 3176 inseruntur,
423 3101 485 3162 sive
509 3101 588 3179 quod
612 3121 713 3161 earum
738 3102 870 3161 condicio
894 3105 958 3161 tam
980 3104 1117 3160 accurate
1140 3101 1327 3175 describitur,

207 3210 241 3266 ut
269 3206 402 3266 dubitari
428 3207 465 3266 de
492 3208 530 3268 iis
557 3212 694 3285 nequeat.
745 3209 850 3285 Itaque
879 3207 943 3266 sine
977 3207 1066 3266 dubio
1099 3207 1326 3284 diligentissime

208 3332 268 3373 non
292 3314 466 3375 observavit
488 3315 569 3374 Naso
594 3314 698 3373 stilum
721 3309 922 3390 epistularem.

296 3421 470 3497 Sedtamen,
498 3441 566 3480 cum
589 3421 718 3480 relicuae
742 3420 902 3496 epistulae,
931 3421 988 3479 etsi
1016 3419 1120 3479 statim
1147 3421 1185 3480 ad
1212 3420 1326 3481 medias

207 3545 256 3584 res
284 3527 435 3603 abripiant
461 3531 601 3605 lectores,
633 3533 736 3588 tamen
762 3529 806 3587 111
833 3527 1026 3605 incipiantur,
1059 3532 1093 3588 ut
1123 3528 1205 3586 nulla
1237 3531 1327 3586 antea

208 3633 351 3710 cogitatio
375 3635 540 3710 supplenda
562 3637 610 3712 111,
634 3638 747 3712 extant,
770 3636 823 3694 ubi
845 3635 881 3694 de
900 3635 994 3695 initiis
1013 3634 1174 3711 deperditis
1192 3639 1228 3712 ut
1247 3635 1325 3712 cogi-

206 3745 298 3817 tetur,
322 3740 469 3800 tationem
490 3741 587 3816 ipsam
610 3742 735 3803 suadere
758 3745 859 3802 censet
882 3742 1044 3802 Vahlenus.
1081 3741 1184 3818 Neque
1208 3741 1327 3802 dubitat

207 3868 223 3907 e
247 3848 445 3908 deterioribus
468 3847 552 3906 libris
575 3850 707 3925 recipere
730 3868 847 3926 versus,
876 3850 927 3926 qui
954 3850 1122 3925 compleant
1147 3848 1201 3908 illa
1228 3849 1326 3909 initia:

207 3955 272 4013 dico
296 3975 340 4030 ep.
364 3953 432 4030 VII,
456 3952 507 4028 XI,
530 3952 596 4028 XII,
618 3953 698 4030 XVI,
721 3955 805 4016 VIII.

296 4060 362 4136 Age
385 4060 548 4136 videamus,
571 4078 647 4135 quae
671 4060 801 4120 traditae
820 4062 880 4120 sint
902 4061 1108 4137 inscriptiones
1131 4063 1163 4121 in
1181 4063 1324 4123 recentio-

207 4167 290 4226 ribus
313 4165 406 4226 libris.

297 4273 352 4349 Ilp.
377 4273 418 4332 XI
441 4275 568 4352 initium,
592 4275 672 4352 quod
695 4274 826 4336 traditur
849 4295 872 4336 s.
895 4277 969 4335 XIII
991 4277 1084 4353 libris,
1107 4277 1166 4354 ipsi
1189 4276 1324 4337 Vahlenc

1094 4384 1111 4428 4
