3206 4928
728 395 944 458 ..24-

278 578 357 657 quod
388 579 445 639 hoc
471 578 594 639 consilio
621 579 654 638 in
678 577 853 648 universum
884 577 1033 640 factorum
1064 577 1188 638 fortium
1218 577 1331 638 mentio
1363 577 1398 636 fic

278 705 305 746 v.
327 687 403 746 105:

442 786 468 851 ‘I
491 811 568 852 remo
592 793 664 852 tolle
687 792 802 852 animos
826 794 857 852 et
879 791 970 852 fortia
992 793 1080 869 geste
1101 785 1242 853 recense.'

278 898 414 977 Denique
441 899 585 960 Lehrsius
614 898 753 959 servilem
777 899 925 977 quandem
954 898 1152 958 imitationem
1180 897 1318 959 Ouidiani
1341 899 1399 959 loci

279 1007 351 1068 Met
360 1006 412 1084 IX,
430 1009 491 1067 176
507 1026 549 1084 sq.
564 1006 669 1066 adesse
684 1006 799 1066 statuit.
817 1038 855 1048 -
873 1005 932 1066 Sed
945 1006 1019 1066 haec
1034 1005 1133 1065 omnia
1147 1023 1206 1065 non
1221 1009 1292 1066 sunt
1307 1025 1397 1082 ergu-

278 1117 380 1173 menta
390 1112 463 1174 satis
473 1113 567 1190 firma,
582 1116 613 1172 et
623 1133 690 1172 cum
699 1113 824 1175 insonte
839 1132 957 1191 quoque
972 1112 1059 1172 huius
1076 1113 1222 1188 epistulae
1237 1113 1343 1171 similis
1358 1111 1398 1172 sit

279 1221 416 1280 laborum
439 1221 653 1282 Herculeorum
670 1220 760 1280 index
778 1221 816 1280 ab
835 1220 965 1280 Hercule
983 1219 1048 1296 ipso
1066 1218 1156 1280 datus
1174 1211 1278 1300 (Soph.
1294 1219 1398 1279 Trech.

282 1329 514 1406 1094-11023
538 1327 574 1387 cf.
598 1327 667 1387 Birt
689 1328 721 1386 in
743 1328 819 1386 Mna.
843 1327 937 1386 Rhen.
960 1325 1083 1401 XXXII,
1107 1346 1135 1401 p.
1159 1319 1248 1405 407),
1271 1327 1398 1386 maxime

280 1433 404 1492 dubium
427 1433 560 1512 videtur,
582 1454 654 1494 num
677 1452 781 1495 versus
804 1433 873 1493 illos
896 1433 928 1492 in
951 1432 1149 1508 suspitionem
1171 1449 1279 1492 vocare
1302 1433 1399 1494 licem.

371 1558 470 1618 Minus
493 1559 602 1618 remoti
625 1577 690 1618 esse
714 1577 732 1616 a
755 1557 922 1634 suspicione
944 1556 1085 1617 videntur
1106 1575 1221 1634 versus,
1244 1558 1296 1636 qui
1313 1577 1399 1634 prae-

279 1664 401 1738 cedunt,
428 1685 502 1742 quos
531 1666 634 1726 statim
661 1663 771 1725 addere
799 1666 895 1726 dcent.
942 1664 1084 1724 Lehrsiur
1106 1685 1136 1725 v.
1161 1667 1290 1725 65-82
1319 1664 1401 1724 delet

281 1757 475 1850 offenditque,
507 1774 539 1830 et
567 1771 645 1849 quod
673 1775 760 1832 tanta
787 1791 854 1831 cum
886 1771 1068 1849 loquacitate
1102 1771 1176 1832 haec
1208 1771 1244 1831 de
1272 1771 1400 1832 Hercule

280 1880 359 1955 apud
382 1877 549 1955 Omphalen
572 1882 708 1939 morante
731 1881 893 1938 narrantur
918 1881 949 1937 et
971 1878 1060 1956 quod,
1082 1879 1260 1954 praesertim
1283 1880 1310 1938 si
1332 1899 1399 1939 con·
1453 1875 1459 1886 ’

280 1985 419 2045 feruntur
451 1987 591 2046 55-64
621 1989 711 2064 atque
742 1989 801 2046 111
836 2005 891 2064 sq,
928 1985 993 2045 veri
1020 1985 1221 2048 dissimillima
1254 2005 1318 2046 esse
1355 1987 1399 2045 iu·

283 2095 421 2169 stumque
440 2092 561 2152 modum
581 2092 721 2152 excedere
745 2092 894 2153 videntur.
931 2091 1041 2150 Mirum
1063 2096 1220 2168 praeterea
1243 2097 1298 2170 est,
1322 2092 1400 2172 quod

280 2198 348 2258 inde
372 2217 502 2258 eversu
527 2202 570 2260 60
593 2218 687 2276 usque
710 2199 749 2258 ed
772 2201 813 2258 82
839 2201 953 2275 septem
977 2217 1013 2258 ex
1040 2198 1176 2260 rmdecim
1204 2199 1400 2275 pentametris

280 2307 324 2364 ita
348 2305 535 2382 clauduntur,
558 2309 592 2365 ut
614 2305 673 2365 duo
692 2308 810 2364 tantum
829 2306 922 2364 verba
940 2306 1079 2381 expleant
1096 2323 1218 2368 versum
1237 2305 1400 2382 dimidium,

281 2431 407 2489 quorum
430 2413 569 2489 alterum,
591 2411 756 2473 infinitivus
778 2412 912 2489 perfecti,
935 2412 967 2470 in
989 2412 1109 2472 easdem
1131 2412 1241 2473 desinit
1260 2413 1399 2490 syllabae.

281 2517 363 2577 Talis
386 2519 584 2596 aequabilitas
607 2523 643 2578 ut
666 2522 713 2579 est
735 2519 835 2578 tenuis
854 2518 1074 2595 versificatoris,
1095 2519 1139 2579 ita
1158 2520 1221 2579 sine
1240 2520 1330 2580 dubio
1349 2521 1399 2579 ab·

279 2625 383 2686 horret
406 2626 445 2684 ab
469 2625 549 2684 omni
572 2624 723 2701 elegantia
753 2627 843 2702 atque
871 2625 1043 2702 eloquentia
1065 2623 1178 2702 Ovidii,
1208 2625 1258 2703 qui
1286 2645 1402 2686 summa

281 2735 345 2791 arte
382 2732 499 2792 variare
539 2731 624 2791 novit
659 2750 801 2791 versuum
831 2723 1057 2812 structuram¹).
1090 2762 1131 2772 -
1164 2731 1268 2809 Neque
1300 2736 1401 2794 tamen

282 2858 388 2899 versus
413 2841 542 2898 65—-72
566 2838 664 2896 ullum
686 2839 808 2897 movent
832 2837 1013 2915 scrupulum,
1036 2841 1126 2915 atque
1150 2837 1242 2900 etiam
1260 2859 1335 2917 quae
1355 2859 1400 2900 se·

283 2945 387 3022 quitur
409 2944 589 3004 sententiam
612 2943 732 3002 defendi
755 2963 781 3002 a.
804 2961 830 3004 e.
853 2962 881 3003 r.
903 2947 965 3004 219
990 2947 1095 3004 notum
1118 2947 1172 3005 est.
1218 2946 1263 3004 De
1282 2945 1401 3007 relicuis

281 3052 418 3112 versibus
441 3052 497 3110 hoc
515 3049 695 3109 monendum
714 3053 768 3111 est.
805 3049 918 3110 Versus
939 3051 978 3108 81
1001 3053 1033 3110 et
1051 3052 1092 3110 83
1113 3050 1220 3112 desunt
1238 3052 1270 3111 in
1288 3053 1400 3129 optimo
1469 3115 1472 3126 ,

282 3157 393 3235 codice,
421 3158 453 3218 in
480 3157 586 3218 ceteris
614 3157 698 3217 libris
727 3157 836 3216 mirum
863 3160 1009 3235 quantum
1032 3157 1179 3234 scriptura
1202 3159 1340 3235 fluctuat,
1366 3163 1402 3221 ut

280 3269 361 3326 recte
389 3242 601 3342 Sedlmayerus
634 3255 667 3346 (1.
696 3284 719 3324 c.
747 3284 776 3340 p.
805 3261 861 3345 75)
895 3263 1070 3324 concludere
1101 3265 1239 3326 videatur
1271 3285 1334 3343 eos,
1365 3269 1402 3327 ut

279 3391 358 3432 nunc
386 3374 503 3448 extant,
535 3390 597 3431 non
622 3371 715 3431 fuisse
743 3371 775 3431 in
802 3371 974 3447 archetypo.
1023 3371 1137 3432 Deinde
1165 3391 1261 3450 neque
1284 3373 1400 3433 intelle-

280 3479 375 3556 gitur,
403 3497 456 3537 cur
483 3481 573 3553 poeta
601 3476 633 3535 in
661 3477 855 3537 describenda
877 3477 968 3536 nendi
989 3477 1106 3536 ratione
1130 3477 1286 3558 diligentie
1307 3498 1401 3557 paene

279 3584 436 3644 fastidiose
462 3587 599 3644 versatus
628 3583 680 3661 eit,
714 3588 745 3645 et
772 3583 930 3643 ridiculum
962 3581 993 3641 in
1025 3581 1146 3642 modum
1178 3582 1339 3662 Omphales
1370 3587 1402 3645 in

282 3691 441 3751 Herculem
468 3692 592 3751 effertur
614 3690 780 3768 imperium.
806 3683 881 3749 ¹'Sed
904 3688 983 3767 quod
1007 3689 1105 3749 maius
1129 3695 1184 3766 est,
1206 3693 1337 3752 nondum
1359 3694 1400 3753 le·

280 3799 363 3875 gitur
390 3798 463 3858 haec
490 3797 593 3858 fabule
621 3799 700 3874 apud
729 3795 892 3858 Ouidianae
921 3796 1029 3858 aetatis
1058 3797 1217 3874 scriptores
1246 3793 1296 3878 (ol.
1325 3817 1401 3873 quae

281 3904 386 3965 citavit
413 3903 448 3964 Ο.
472 3904 561 3982 Jahn,
591 3904 864 3981 Sitaungsberichte
891 3903 945 3962 der
973 3903 1074 3964 Stehs.
1099 3903 1167 3964 Ges.
1191 3903 1218 3963 d.
1242 3903 1290 3964 W.
1314 3906 1399 4004 l855

280 4032 307 4087 p.
326 4013 390 4096 224Ι
409 4003 476 4090 sq),
500 4011 552 4071 sed
574 4011 701 4070 debetur
718 4009 1034 4087 posteriori'tempori‚
1059 4029 1117 4086 quo
1141 4011 1173 4068 in
1191 4009 1315 4086 picturis
1335 4009 1398 4087 qui-

281 4167 492 4180 —u-n-——q

354 4237 380 4305 1)
399 4233 551 4292 Rarissime
579 4235 651 4288 hanc
679 4252 811 4290 versuum
840 4234 957 4290 formam
988 4231 1109 4289 inveniri
1134 4233 1210 4306 apud
1232 4249 1297 4290 eum
1320 4234 1403 4289 docet

282 4325 462 4396 Euchenburg
480 4325 509 4393 (l.
529 4341 552 4380 c.
572 4341 598 4396 p.
618 4327 674 4394 29).
