3206 4928
720 329 1002 400 -48—.

265 510 340 570 tuuc
358 510 471 570 6666
490 481 608 570 nonus
626 502 901 591 (6611661666,
920 509 973 568 cas
989 509 1203 570 Schriftwesen
1220 509 1262 566 sm
1276 509 1388 569 1666-

219 693 221 698 ,
266 619 343 678 61161
362 611 498 700 (Leipzig
518 611 618 698 1871)
637 640 664 694 p.
687 609 778 700 143),
802 617 854 677 sed
877 617 947 694 quia
969 617 1114 693 permiros
1138 635 1208 676 8666
1231 635 1317 676 66868
1341 635 1389 675 ex-

265 728 352 800 perta
380 745 445 786 6886
470 726 543 785 haec
573 725 769 801 epistularum
797 724 884 784 initia
912 724 1106 784 statuendum
1133 727 1225 800 esset,
1258 724 1283 782 si
1314 723 1388 782 illud

267 851 340 891 cum·
358 833 494 893 Vahleno
521 831 690 909 poneretur.
726 833 830 908 Neque
858 833 937 892 enim
964 833 995 891 in
1021 832 1170 908 omnibus,
1194 834 1247 890 661
1269 830 1300 889 16
1322 851 1387 906 per·

265 939 368 1018 paucis
392 940 528 1015 epistulis
555 939 630 1000 duos
658 939 770 1016 primos
797 939 969 1000 161868116
996 938 1157 1015 1616111886,
1182 938 1233 998 sed
1255 938 1287 996 in
1310 956 1386 996 com·
1421 993 1431 1016 ,

266 1046 402 1121 pluribus
427 1045 564 1122 deinceps
583 1047 672 1106 modo
696 1047 799 1106 adesse
823 1046 911 1106 modo
933 1065 998 1105 esse
1023 1045 1147 1106 omissos
1170 1044 1215 1103 illi
1233 1041 1388 1104 dicendum

267 1155 326 1228 681,
350 1153 397 1212 661
420 1153 539 1229 quidem
562 1153 606 1212 rei
628 1153 678 1213 vix
700 1153 858 1230 quisquam
880 1153 1033 1214 assentiat.

355 1260 420 1318 Iam
448 1259 615 1337 videamus,
641 1280 714 1318 num
742 1261 859 1320 omnino
888 1279 963 1337 opus
990 1260 1084 1318 fuerit
1106 1259 1253 1334 distichis,
1281 1259 1387 1334 quihus

267 1369 298 1426 et
325 1366 376 1442 qui
404 1367 568 1428 scriberent
595 1369 627 1426 et
649 1368 700 1444 qui
723 1367 891 1444 acciperent
914 1368 1046 1444 singulas
1071 1367 1228 1451 epistulas,
1255 1365 1386 1424 nomina-

267 1477 384 1550 rentur,
412 1478 465 1534 661
492 1494 564 1535 6661
588 1474 724 1533 omnibus
747 1475 822 1534 talia
845 1474 953 1534 addere
977 1477 1067 1550 poeta
1088 1473 1227 1533 videatur
1250 1473 1386 1532 16161886.

267 1579 355 1639 Certe
383 1601 420 1640 61
445 1579 568 1656 propria
591 1580 737 1655 epistulae
760 1581 870 1656 forma,
893 1599 953 1657 qua
975 1598 1047 1640 usus
1070 1582 1116 1639 681
1140 1578 1277 1655 Ovidius,
1301 1599 1319 1637 a
1341 1597 1386 1638 sa-

268 1687 332 1746 lute
352 1690 382 1746 et
401 1687 464 1746 eius
483 1686 522 1744 ad
536 1705 625 1762 quern
645 1687 784 1746 scribitur
797 1687 976 1746 allocutione
991 1686 1106 1746 orditur
1120 1705 1226 1761 sermo,
1243 1686 1388 1760 simulque

267 1794 439 1853 nominatur
466 1794 492 1852 18
519 1794 618 1870 161116,
652 1794 704 1871 qui
731 1794 783 1854 dat
810 1795 978 1870 epistulam.
1019 1795 1170 1869 Expressa
1197 1797 1243 1852 est
1270 1793 1326 1868 ita,
1354 1795 1387 1851 nt

267 1899 421 1960 Vahlenus
452 1900 582 1974 perbene
610 1900 694 1976 dicit,
726 1901 841 1976 poetice
869 1902 958 1961 solita
985 1901 1038 1960 illa
1066 1879 1262 1977 epistularum
1290 1900 1388 1958 861616

270 2008 404 2067 61611666
428 2010 637 2083 conceptarum
655 2008 817 2084 inscriptio,
841 2008 920 2085 quod
939 2008 1058 2084 quidem
1081 2009 1158 2084 apud
1178 2008 1253 2066 alios
1271 2025 1387 2082 quoque

267 2114 371 2174 eodem
389 2114 476 2173 modo
495 2114 530 2173 fit
546 2119 660 2190 poetas,
676 2116 763 2184 Ι16161
781 2115 907 2174 Ρ166168
926 2115 957 2173 16
971 2115 1109 2175 Pseudol.
1129 2135 1155 2174 1.
1171 2117 1211 2173 41
1229 2133 1272 2191 sq.
1288 2113 1388 2172 fictam

267 2222 428 2296 epistulam
455 2221 499 2281 ita
527 2221 651 2282 orditur.
678 2255 716 2261 —
740 2222 819 2280 Nam
846 2221 942 2297 tituli,
971 2222 1077 2299 quibus
1105 2222 1227 2296 insuper
1250 2219 1387 2279 heroides

267 2329 298 2386 in
324 2329 416 2387 libris·
437 2322 528 2388 manu
556 2329 674 2404 scriptis
702 2329 840 2387 instructi
869 2331 940 2387 8661
967 2321 1066 2407 (16161
1088 2323 1248 2403 ‘Penelope
1272 2319 1387 2406 Ulixi'),

268 2436 391 2511 genuini
418 2435 547 2493 habendi
575 2455 634 2493 non
662 2439 732 2494 sunt
755 2435 791 2493 de
815 2453 851 2494 ea
874 2452 974 2510 causa,
1003 2433 1093 2511 quod,
1122 2453 1186 2492 cum
1212 2434 1274 2492 sine
1298 2433 1388 2492 dubio

268 2542 300 2599 in
322 2541 377 2599 hac
403 2543 449 2602 161
472 2542 525 2600 illa
547 2542 676 2617 epistula
694 2542 775 2601 illius
793 2542 911 2619 generis
929 2543 1135 2618 inscriptiones
1154 2541 1286 2618 poeticas
1305 2560 1387 2598 usur-

267 2649 385 2725 paverit
407 2649 498 2724 Naso,
522 2650 733 2724 supervacanei
755 2649 786 2706 in
809 2650 855 2708 his
878 2649 998 2725 quidem
1022 2652 1099 2724 sunt,
1121 2667 1217 2725 neque
1237 2666 1287 2706 eos
1306 2663 1389 2705 raros

267 2754 384 2814 additos
408 2773 472 2814 6886
496 2755 589 2815 816161
611 2758 719 2838 potest.

356 2861 501 2921 Adhiberi
534 2862 631 2921 solent
663 2861 837 2938 epistulae,
856 2881 930 2938 quas
958 2881 994 2920 ex
1021 2862 1117 2922 Ponto
1145 2861 1227 2920 dedit
1255 2861 1386 2922 Ovidius.

269 2959 428 3026 Sedtamen
452 2968 572 3027 differre
595 2969 674 3027 inter
693 2987 723 3027 86
742 2973 815 3045 puto
839 2971 893 3028 has
912 2972 943 3028 et
961 2969 1115 3027 heroidum
1126 2969 1285 3045 epistulas.
1323 2967 1388 3026 Η66

241 3106 243 3111 ·
269 3075 346 3133 66116
378 3074 464 3134 fictae
497 3078 567 3134 sunt
599 3075 744 3150 epistulae
778 3076 924 3153 simulque
957 3095 1058 3135 omnes
1090 3077 1218 3135 fortasse
1250 3095 1268 3133 a
1299 3079 1389 3150 poeta

270 3181 380 3258 editae,
413 3201 487 3258 quas
515 3201 550 3240 ex
578 3182 675 3242 Ponto
703 3182 786 3241 misit
815 3181 951 3258 Ovidius,
979 3203 1011 3241 re
1039 3202 1110 3244 vera
1137 3182 1293 3257 epistulari
1320 3181 1388 3239 usui

269 3288 446 3348 serviebant.
484 3289 589 3365 Itaque
617 3308 685 3348 cum
714 3292 744 3348 et
771 3290 802 3348 16
830 3288 890 3348 11118
918 3290 1053 3365 epistulis
1082 3310 1097 3348 6
1120 3289 1217 3348 Ponto
1245 3288 1324 3347 datis
1351 3307 1387 3345 66

269 3395 327 3454 duo
351 3395 470 3472 quidem
493 3396 579 3454 initia
602 3395 857 3471 deprehendamus
876 3397 993 3472 similia,
1017 3400 1048 3456 61
1067 3397 1114 3456 161
1133 3397 1163 3454 16
1182 3397 1302 3455 illarum
1320 3397 1388 3471 plus

269 3505 376 3577 quarta
399 3505 485 3577 parte
508 3502 731 3578 inscriptionem
749 3503 833 3561 illam
852 3502 992 3561 adhibere
1012 3504 1130 3561 omnino
1148 3503 1280 3562 noluerit
1297 3503 1388 3576 Naso,

270 3611 364 3668 multo
393 3609 490 3687 magis
519 3611 549 3668 in
572 3610 770 3686 epistularum
792 3611 846 3668 illa
874 3610 950 3667 serie
982 3611 1146 3669 cavendum
1169 3611 1197 3668 ei
1220 3610 1311 3668 fuisse
1334 3629 1388 3684 pu-

269 3714 393 3774 tandum
408 3719 463 3791 est,
478 3736 515 3776 66
529 3717 693 3776 6661166618
708 3720 876 3776 structurae
886 3717 1100 3794 aequabilitate
1109 3718 1235 3776 lectores
1245 3717 1388 3792 languore

270 3820 403 3880 afficeret
425 3840 459 3879 ac
477 3822 608 3882 fastidio,

358 3927 422 3986 Hoc
446 3931 548 3986 autem
571 3929 761 3988 statuendum
786 3933 840 4004 est,
864 3949 931 3988 eum
955 3929 998 3999 ita
1019 3929 1164 4005 epistulae
1183 3927 1311 3990 formam
1330 3946 1389 3987 ser-

269 4055 369 4111 vasse,
396 4039 431 4094 ut
455 4036 517 4096 8116
541 4036 697 4095 scribentis
720 4036 889 4106 condicione
913 4036 1080 4096 accuratius
1103 4035 1221 4110 depicta
1244 4035 1309 4095 8116·
1330 4035 1389 4094 6116

267 4131 301 4203 re
329 4146 562 4202 commemorata
587 4145 714 4202 lectores
737 4144 886 4203 Romanos
914 4143 945 4201 in
970 4144 1058 4201 rebus
1081 4141 1291 4218 mythologicis
1315 4141 1389 4201 satis

270 4254 404 4310 versatos
428 4251 464 4308 de
487 4251 621 4326 personis
645 4250 748 4308 statim
771 4251 912 4309 certiores
936 4249 1054 4308 laceret.
