3206 4928
641 417 857 481 „25„

190 601 259 660 dem
292 619 358 660 eam
391 600 576 661 delineatam
605 602 640 660 et
659 618 681 659 a
712 599 809 675 poetis
839 590 942 681 (velut
968 619 987 660 a
1014 589 1160 680 Lacianc)
1193 598 1311 658 narrari

186 708 330 768 videmus.
365 707 526 768 Praeterea
554 706 729 768 offendimus
752 708 784 767 in
805 707 1026 768 conahuctione
1049 728 1076 768 v.
1094 709 1134 768 l?
1159 705 1312 766 subitost

97 794 98 799 ἵ
186 815 292 874 durius
319 817 447 876 mutata.
496 815 602 893 Itaque
629 835 656 874 v.
678 817 808 876 74-83
837 814 1060 892 interpolatoris
1088 813 1214 874 alicuius
1243 829 1309 873 esse

187 915 336 999 videntur,
360 909 391 982 et
413 921 543 983 furasse
565 921 610 981 ita
632 941 700 982 cum
722 923 816 992 u.,73
840 941 934 982 nexus
958 924 1005 982 est
1027 919 1211 981 efficiendas:

288 1033 328 1090 73
352 1029 437 1089 Inter
458 1029 594 1090 Ioniacas
617 1029 769 1089 calathum
792 1029 913 1090 maniat
934 1029 1064 1105 puellas,

286 1138 328 1196 84
397 1137 548 1224 Factaque
570 1137 715 1196 narrabas
738 1135 954 1196 dissimulanda
976 1135 1042 1196 tibi.

191 1260 316 1321 Videtur
334 1261 390 1322 hac
408 1280 440 1319 re
459 1260 629 1320 coniectura
647 1278 715 1319 mea
732 1259 840 1336 fulciri,
862 1259 944 1336 quod
963 1259 1082 1336 saepius
1105 1259 1148 1318 ita
1170 1279 1189 1319 a
1208 1261 1307 1336 poetis
1347 1237 1352 1246 ,

187 1366 315 1426 femi-nae
334 1365 407 1428 dnm
426 1367 478 1426 fila
497 1366 647 1426 deducunt
661 1369 693 1426 et
707 1365 825 1426 omniuo
839 1365 919 1426 inter
934 1384 1040 1442 operas
1058 1366 1220 1426 muliebres
1239 1385 1307 1426 nar-

188 1476 289 1535 rantes
313 1472 494 1534 inducuntur
516 1473 652 1533 fabellas.
690 1473 727 1534 cf,
746 1470 812 1532 Tib.
836 1472 861 1549 I,
885 1475 914 1548 3,
939 1473 995 1550 853
1018 1471 1108 1550 Verg.
1128 1473 1236 1552 Georg.
1256 1473 1309 1551 IV,

189 1582 268 1656 3343
292 1579 345 1640 Ou.
369 1580 441 1639 Met.
465 1580 518 1654 IV,
541 1573 647 1660 hirst).
1271 1595 1273 1598 ’

715 1737 779 1814 §a

277 1864 318 1923 Et
336 1864 387 1924 illc
406 1864 525 1942 quidem
545 1865 626 1924 locus
646 1865 780 1940 exemplo
798 1864 885 1924 nobis
904 1868 959 1940 est,
978 1864 1057 1942 qnod
1073 1863 1186 1942 doceat,
1205 1883 1307 1944 quem-

188 1971 347 2030 admodum
369 1971 516 2050 genuinae
539 1976 645 2048 poetae
665 1971 831 2032 sententiae
850 1970 1048 2046 amplificatae
1067 1974 1098 2031 at
1117 1976 1221 2032 auctae
1240 1973 1308 2032 sint.

276 2077 416 2156 Adiungo
439 2079 495 2138 hoo
517 2081 699 2155 exemplum:
728 2079 781 2156 IV,
803 2099 831 2139 v.
858 2081 919 2138 137
945 2095 988 2155 sq.
1040 2078 1201 2138 Sedtamen
1224 2079 1250 2138 si
1272 2078 1309 2138 de

75 2205 79 2212 ’
187 2185 234 2244 his
265 2184 449 2262 disputaturi
482 2205 598 2262 sumus,
634 2186 753 2263 longius
785 2185 981 2246 recedendum
1014 2189 1073 2262 est,
1109 2189 1144 2246 ut
1178 2185 1309 2262 primum

188 2293 354 2367 statuatur,
383 2292 434 2352 ubi
455 2296 623 2352 morantem
646 2293 721 2353 velit
741 2295 831 2368 pocta
853 2291 1021 2352 Phaedram
1044 2291 1178 2370 cogitari.
1224 2293 1310 2352 Nunc

188 2397 267 2456 anim
291 2416 326 2455 ex
349 2397 496 2473 epistulae
518 2397 619 2458 verbis
642 2397 778 2458 concludi
796 2398 858 2458 fero
874 2398 950 2458 solet
968 2417 1035 2456 eam
1053 2400 1086 2458 et
1103 2397 1199 2475 ipsam
1218 2399 1309 2458 Troe·

187 2523 266 2578 aene,
290 2503 343 2563 ubi
361 2503 544 2581 Hippolytus
563 2505 718 2582 privignus
737 2505 817 2582 apud
835 2508 977 2581 cognatos
996 2503 1149 2581 educatur,
1171 2505 1308 2565 habitan·

188 2615 250 2672 tem
273 2609 374 2688 fingi„
398 2611 503 2690 Neque
526 2629 598 2671 vero
622 2615 703 2672 recte
726 2611 782 2670 hoc
804 2611 869 2670 fieri
891 2614 973 2687 puto.

275 2717 395 2796 Notum¹
408 2721 456 2778 est
477 2717 508 2776 in
526 2717 808 2794 Metamorphoscon
829 2717 848 2776 l.
867 2715 932 2791 XV,
951 2738 979 2778 v.
994 2719 1060 2778 500
1079 2709 1153 2796 sq.²)
1183 2717 1309 2778 Athenis

187 2827 358 2888 versantem
386 2845 451 2884 eam
474 2821 498 2884 ¹a
525 2829 615 2901 poeta
641 2825 753 2886 induci:
783 2823 920 2902 idemque
948 2823 980 2884 in
1006 2823 1062 2884 hac
1089 2823 1218 2900 epistula
1244 2825 1310 2884 ficri

186 2932 261 2992 mihi
280 2931 408 2992 videtur.
445 2931 535 2992 Certe
552 2951 612 2992 non
631 2934 801 3008 repugnant
818 2931 886 2992 huic
906 2931 1071 2994 sentcntiae
1089 2950 1193 2994 uersus
1213 2936 1309 3010 7-9,

188 3038 240 3096 ubi
263 3056 295 3097 sa
317 3055 386 3098 cum
408 3041 509 3099 amato
532 3037 615 3116 loqui
638 3041 775 3098 conatam
800 3029 872 3098 non'
889 3057 954 3098 esse
981 3038 1067 3116 dicit3
1094 3058 1164 3098 nam
1191 3039 1308 3116 quando

188 3147 242 3204 aut
269 3163 327 3222 que
355 3146 420 3204 loco
447 3145 522 3204 illud
548 3145 615 3223 fiat,
641 3165 702 3206 nou
724 3145 858 3221 additur;
885 3163 1020 3224 nequeo
1043 3165 1072 3207 v.
1095 3149 1136 3208 39
1161 3165 1225 3224 sqq.
1247 3148 1309 3206 tale

261 3372 288 3437 1)
305 3367 419 3422 Addere
442 3367 528 3424 liceat
549 3367 671 3438 primum
694 3366 781 3422 aliam
805 3367 880 3425 vam
903 3369 975 3424 hanc
996 3367 1139 3424 tractandi
1158 3367 1308 3438 epistulam

188 3473 233 3512 rna
256 3455 412 3526 ingressum
436 3456 530 3512 fnisse.
572 3456 642 3512 Cum
666 3455 740 3512 enim
763 3457 793 3510 in
815 3457 870 3510 line
894 3457 1033 3528 epistulae
1059 3457 1124 3512 inde
1149 3474 1167 3510 a
1196 3476 1223 3512 v.
1248 3464 1308 3525 143,

188 3545 237 3600 ubi
263 3545 381 3601 alteram
404 3547 513 3615 partem
536 3544 660 3616 incipere
683 3548 776 3616 patet,
803 3562 855 3616 per
877 3543 1006 3615 strophas
1029 3544 1130 3600 deduci
1153 3544 1309 3600 orationem

188 3652 245 3690 non
268 3633 306 3688 sit
323 3634 543 3704 neglegendum,
571 3637 655 3704 atque
673 3633 703 3689 in
723 3633 829 3688 relicua
854 3651 965 3703 quoque
990 3633 1112 3703 epistula
1133 3650 1189 3688 non
1212 3633 1309 3704 paucis

99 3743 101 3750 ·
187 3723 256 3779 locis
280 3721 440 3778 simillimae
467 3719 625 3778 structurae
650 3722 756 3778 indicia
774 3726 941 3792 appareant,
960 3724 992 3776 ut
1011 3721 1071 3777 aeni
1090 3739 1186 3778 versus
1205 3722 1309 3779 arctius

187 3813 366 3880 cohaereant,
384 3825 448 3865 eam
466 3810 581 3880 quidem
600 3811 714 3867 omnino
732 3828 750 3864 a
762 3809 875 3866 Nasone
893 3809 923 3866 in
942 3811 995 3864 hac
1013 3809 1136 3880 epistula
1149 3811 1309 3868 adhibitam

188 3919 247 3957 esse
266 3905 441 3972 putaveram.
477 3899 629 3956 Sedtamen
644 3915 707 3954 curn
726 3899 757 3954 in
774 3898 854 3970 nulla
868 3899 925 3954 alia
938 3899 1060 3969 epistula
1073 3915 1130 3954 non
1144 3899 1231 3956 dubia
1243 3901 1309 3957 talis

187 3989 417 4046 conformationis
436 3987 593 4059 strophicac
612 3986 718 4043 indicia
736 3988 946 4059 deprehendere
963 4001 1085 4059 possem,
1105 3991 1189 4058 atque
1207 3989 1237 4044 in
1255 3991 1308 4046 hac

188 4078 251 4149 ipsa
270 4078 400 4148 epistula,
419 4078 444 4134 si
463 4093 526 4133 eam
544 4075 691 4132 restituere
709 4075 870 4144 voluissem,
893 4093 990 4132 remus
1009 4076 1171 4146 ceteroquin
1188 4095 1245 4133 non
1263 4073 1308 4134 au-

189 4167 278 4238 speeti
297 4165 429 4222 eiiciendi
447 4165 574 4237 fuissent,
593 4183 649 4222 non
668 4164 738 4222 satis
757 4168 836 4221 certa
853 4164 961 4222 ratione
980 4181 1026 4221 me
1039 4181 1233 4234 processurum
1247 4183 1308 4222 esse

187 4255 323 4312 intellexi.

260 4349 288 4417 2)
307 4345 349 4400 Ex
367 4346 396 4400 F.
416 4344 464 4415 VI,
484 4351 533 4402 73⁶1
553 4362 595 4416 sq.
614 4343 685 4403 nihil
704 4341 801 4416 colligi
819 4345 915 4416 potest
932 4344 967 4400 de
986 4345 1040 4400 hac
1057 4359 1095 4400 ra
